2736 4696
518 298 603 360 eno
626 299 667 359 A.
690 297 917 359 censurio.
1214 299 1258 402 75

184 508 274 584 quos
298 499 409 557 antea
435 483 743 572 commemoravi,
771 488 811 558 P.
836 480 1028 577 Saturius,
1064 481 1107 593 in
1130 481 1261 556 eadem

182 607 366 710 sententia
392 606 477 681 fuit.
529 608 563 682 Ο
588 587 848 682 innocentiam
874 605 1079 710 Oppianici
1097 607 1261 706 singula·
1276 614 1328 676 108

181 731 279 800 rem!
315 754 393 830 quo
421 730 463 803 in
488 728 578 820 reo,
610 731 679 832 qui
705 730 884 814 absolvit,
918 729 1156 803 ambitiosus:
1190 731 1259 830 qui

177 849 345 962 distulit,
380 870 530 927 cautus:
565 853 635 955 qui
661 850 946 940 condemnavit,
979 869 1153 925 constans
1176 851 1258 923 exi-

163 972 364 1048 istimatur.

194 1107 197 1113 '
275 1098 378 1171 Haec
404 1116 487 1174 tum
505 1117 638 1202 agente
653 1097 849 1195 Quinctio,
864 1122 988 1200 neque
1009 1097 1050 1171 in
1066 1097 1259 1196 concione,
1285 1102 1334 1174 39

179 1244 304 1322 neque
328 1220 371 1295 in
402 1221 546 1298 iudicio
578 1221 833 1297 demonstrata
865 1237 972 1297 sunt:
1005 1247 1130 1322 neque
1156 1220 1260 1296 enim

142 1366 146 1378 ·
178 1344 254 1449 ipse
282 1344 358 1420 dici
389 1347 624 1451 patiebatur,
657 1372 728 1422 nec
761 1372 831 1452 per
856 1344 1147 1422 multitudinem
1172 1371 1261 1419 con·

178 1469 331 1544 citatam
354 1470 554 1545 consistere
570 1470 755 1573 'cuiquam
775 1470 816 1544 in
834 1468 997 1544 dicendo
1014 1470 1161 1543 licebat
1187 1468 1260 1542 Ita-

150 1617 252 1694 loque
271 1592 369 1697 ipse,
396 1611 598 1698 postquam
622 1592 781 1669 lunium
805 1595 1006 1698 pervertit,
1033 1603 1148 1668 totam
1172 1619 1260 1666 cau·
1336 1640 1339 1646 -

177 1740 253 1791 sam
288 1715 456 1818 reliquit.
515 1716 649 1792 Paucis
686 1717 791 1791 enim
829 1716 963 1791 diebus
998 1716 1074 1792 iilis
1110 1734 1148 1789 et
1180 1716 1259 1818 ipse

176 1837 346 1941 privatus
372 1858 426 1916 est
453 1840 592 1931 sactus,
626 1859 665 1914 et
689 1839 893 1914 hominum
915 1838 1040 1914 studia
1066 1837 1260 1913 defervisse

153 1960 422 2064 ·intelligebat.
459 1960 624 2060 Quodsi,
650 1989 720 2066 per
745 1988 840 2064 quos
865 1960 943 2037 dies
966 1960 1126 2037 Iunium
1150 1989 1259 2036 accu-

177 2084 278 2175 savit,
295 2083 583 2159 Fidiculanium
599 2098 771 2160 accusare
786 2086 979 2161 voluisset:
1004 2085 1258 2189 respondendi

139 2206 419 2284 15Fidiculanio
456 2227 617 2314 potestas
650 2208 749 2282 facta
786 2236 865 2282 non
897 2225 999 2282 esset.
1046 2213 1101 2283 Ac
1132 2210 1257 2312 primo
1357 2232 1359 2236 ·

178 2329 351 2432 quidem,
380 2324 557 2406 omnibus
583 2330 658 2405 illis
682 2329 888 2424 iudicibus,
913 2328 982 2432 qui
998 2330 1257 2433 Oppianicum

178 2452 496 2544 condemnarant,
533 2454 767 2528 minabatur.
816 2459 898 2529 Iam
923 2454 1165 2528 insolentiam
1191 2476 1331 2539 no-109

177 2577 267 2658 ratis
289 2576 479 2664 bominis,
515 2577 658 2653 noratis
681 2577 827 2652 animos
850 2580 931 2652 eius
955 2605 998 2652 ac
1017 2578 1173 2682 spiritus
1191 2579 1258 2651 tri-

177 2697 361 2775 bunicios.
420 2698 537 2799 Quod
572 2720 654 2778 erat
690 2701 840 2776 odium!
899 2702 979 2776 Dii·
1005 2703 1256 2776 immortales!

131 2830 274 2925 ‘acquae
298 2825 498 2928 superbia!
524 2845 669 2929 quanta
696 2825 911 2928 ignorantia
935 2824 1017 2898 sui!
1043 2852 1160 2927 quam
1176 2852 1258 2926 gra-

178 2947 230 3021 vis
254 2966 370 3050 atque
396 2948 648 3025 intolerabilis
680 2947 914 3050 arrogantia!
954 2946 1024 3048 qui
1057 2947 1156 3022 illud
1182 2948 1260 3023 iam

178 3071 302 3178 ipsum
327 3072 461 3147 acerbe
487 3075 639 3170 tulerit,
671 3099 717 3148 ex
740 3078 828 3176 {quo
859 3073 926 3147 illa
952 3091 1041 3146 nata
1065 3090 1268 3182 suntomj

257 3306 290 3368 6.
313 3308 444 3388 agitante
465 3305 591 3383 Quintio
687 3327 735 3366 ιο.
759 3323 882 3366 causam
902 3314 997 3364 totam
1092 3323 1139 3363 ια.
1163 3302 1261 3366 defer-

256 3389 359 3450 buisse
443 3409 494 3449 ao.
517 3390 665 3473 ignoratio
748 3407 799 3449 αι.
822 3387 899 3448 illud
919 3389 1010 3447 etiam
1029 3386 1127 3468 ipsum

247 3587 269 3622 ι.
289 3569 411 3620 Satacius
430 3569 511 3641 aig,
530 3569 646 3623 Saticius
655 3568 684 3641 s
711 3569 854 3621 Saturnius
872 3586 948 3620 nov
965 3569 1100 3621 Statorius
1118 3587 1143 3619 m
1179 3568 1260 3620 Satu-

176 3638 281 3700 reiust
336 3639 527 3710 4.dispulitB
578 3645 604 3696 6.
622 3648 720 3710 agente
742 3638 880 3714 ABqu
916 3642 1036 3706 agitante
1054 3640 1110 3693 ΒΟ
1178 3644 1195 3695 8
1222 3642 1261 3692 ci·

175 3717 258 3762 utam
277 3727 293 3760 κ
327 3729 352 3780 9.
364 3711 542 3781 quicquama
577 3730 612 3766 to.
624 3719 709 3762 totam
721 3724 828 3762 causam
848 3713 922 3771 AB}
941 3710 1260 3780 causamtotamlivulg.

178 3796 217 3839 ιι..
239 3781 341 3835 etenim
358 3782 451 3849 paucis
470 3781 510 3854 bq
562 3800 600 3835 ια.
619 3780 766 3834 defervisse
785 3783 840 3835 AB
902 3780 1053 3833 deseruisse
1071 3779 1131 3831 rell.
1150 3782 1260 3850 Lagom.

176 3846 326 3904 etOxonn.
345 3868 363 3899 a
409 3849 578 3903 deferbuisse
596 3853 671 3922 vulg.
746 3851 786 3919 14.
805 3852 837 3906 Fi
859 3852 1008 3904 iculanium
1027 3863 1130 3903 etmcrc
1159 3881 1191 3888 -
1212 3851 1259 3902 nio

176 3919 589 3991 ABbcdefllmnoprstu
626 3922 814 3978 Fidiculanum
843 3952 872 3964 -
901 3940 937 3974 no
957 3920 1121 3994 abiqaapt
1143 3929 1211 3984 (sem
1229 3936 1261 3970 er

175 3993 206 4041 in
224 3991 274 4042 boe
295 3993 404 4042 nomine
423 3989 528 4042 codices
541 3993 699 4062 fluctuant)
773 4011 813 4062 ¹7·
839 3992 1053 4043 condemnarant
1080 3987 1194 4061 cdefg
1224 3993 1235 4040 i
1243 3989 1260 4040 lt

177 4063 221 4112 lm
229 4074 369 4131 pretuv
405 4060 653 4117 condemnaverunt
671 4079 720 4114 wc
792 4061 855 4133 iarn]
878 4080 939 4114 nam
960 4075 979 4111 σ
1036 4079 1074 4131 ¹9·
1094 4061 1128 4110 nt
1145 4080 1165 4131 p
1217 4078 1258 4112 20.

179 4133 331 4199 ignorantia
348 4131 591 4205 ABabcqwca
627 4133 761 4207 ignoratio
780 4134 895 4205 tcutg.
949 4150 990 4188 nr.
1016 4133 1167 4198 arrogantia
1186 4130 1260 4184 suia

179 4202 230 4254 iam
243 4202 296 4255 AB
315 4203 398 4254 etiam
415 4203 472 4255 tto
