2736 4696
142 307 210 402 ¹4⁶
232 288 235 296 '
551 298 802 362 anuorauo

138 519 233 583 quum
266 509 298 562 et
328 497 386 561 alia
406 503 586 584 cognomina
607 523 642 562 ex
663 499 753 562 simili
776 498 1003 581 participlerum
1023 499 1143 580 origine
1163 497 1231 556 sor·

143 619 225 668 mata
234 608 351 689 saepius
364 604 512 687 legantur,
523 617 558 665 ut
569 605 728 667 Ambustus
737 609 768 667 in
778 605 897 682 Fabiis,
909 605 1025 666 Potitus
1035 605 1067 665 in
1078 601 1227 677 Valeriis,

144 714 476 785 NovatusinAnnaeis,
492 712 608 773 Tacitus
624 717 655 774 in
678 712 837 789 Corneliis,
861 723 891 773 et
910 713 1011 794 ipsum
1032 722 1174 771 nostrum
1195 710 1230 769 in

135 822 294 883 veteribus
314 821 516 881 monumentis
530 829 640 879 exstet:
664 820 696 880 in
717 820 816 880 Fastis
842 818 970 902 Capitol.
982 839 1031 926 ap.
1046 818 1172 879 Gruter.
1187 813 1227 880 C.

143 928 242 991 inser.
276 949 308 995 n.
341 929 410 988 205.
445 925 503 986 hoc
533 924 639 987 titulo=
684 925 801 986 Vibius.
832 926 865 989 0.
886 927 925 984 F.
950 925 985 986 0.
1007 924 1049 984 Ν.
1075 923 1229 1004 Habitum

137 1047 173 1098 et
207 1014 272 1096 sine
308 1035 493 1116 aspiratione
529 1035 561 1093 in
589 1045 710 1095 vetusto
737 1033 836 1115 lapide
866 1032 948 1114 apud
968 1021 1118 1092 Fulvium
1137 1031 1231 1094 Ursi-

134 1166 233 1206 num:
277 1143 355 1205 Aur.
388 1142 493 1205 Aditus
522 1143 592 1208 Mil.
625 1144 699 1203 Colc.
717 1141 758 1208 Χ.
782 1143 836 1203 Pr.
860 1174 903 1188 —-
943 1141 1091 1202 Eri-orem
1113 1142 1229 1200 summi

133 1255 193 1312 viri
222 1251 314 1311 nimis
347 1249 401 1310 diu
436 1260 637 1332 propagatum
670 1252 790 1333 primus
816 1249 935 1310 notavit
963 1246 1112 1313 Niebuhr.
1144 1247 1228 1311 Mus.

136 1358 233 1420 Rben.
256 1356 281 1419 l.
306 1358 336 1417 3.
364 1378 395 1437 p.
420 1358 490 1421 223.

219 1465 285 1526 AD
305 1460 508 1546 JUDtch]
538 1462 705 1544 Antiquam
722 1462 894 1541 formulam,
905 1484 1096 1546 nequaquam
1111 1484 1231 1525 vanum

137 1585 341 1634 commentum
364 1593 400 1633 ex
432 1573 551 1653 egregio
580 1572 684 1631 codice
708 1570 927 1654 Salisburgensi
961 1572 1149 1654 recepimus:
1172 1593 1227 1633 ea·

137 1679 206 1739 dem
236 1680 391 1761 inscriptio
418 1679 451 1738 in
483 1680 609 1739 vetustis
631 1677 833 1757 editionibus,
876 1677 1096 1740 Mediolanensi
1117 1690 1149 1739 et
1170 1679 1229 1740 Be-

137 1785 286 1863 roaldina,
326 1785 517 1847 ‘orationibus
540 1807 595 1868 pro
624 1786 769 1863 Murena,
801 1795 858 1868 pro
887 1784 1033 1864 Plancio,
1064 1807 1121 1869 pro
1142 1786 1230 1872 Sylla

136 1895 266 1975 praefixa
286 1894 437 1954 immerito
458 1894 491 1952 in
511 1893 728 1954 recentioribus
747 1892 889 1955 omnibus
912 1892 1075 1958 intercidit.

570 2179 787 2194 m

222 2633 260 2695 P.
285 2633 323 2712 3,
345 2632 375 2715 4.
395 2631 503 2718 alteru]
524 2635 718 2718 Quamquam
737 2635 813 2695 mire
835 2633 955 2710 accidit,
976 2645 1012 2696 ut
1032 2657 1102 2698 cum
1124 2649 1234 2704 veter!

140 2741 284 2804 Gulielmi
312 2744 484 2805 coniectura
515 2747 643 2806 alteram
669 2745 839 2806 consentiat
865 2744 1077 2829 palimpsestus
1110 2747 1228 2812 Tauri·

141 2853 260 2925 nensis,
284 2850 361 2912 nibil
384 2863 486 2912 tamen
508 2855 609 2913 minus
629 2873 735 2915 verum
755 2863 811 2918 est.
861 2853 942 2915 Nam
968 2865 1004 2915 ut
1023 2852 1101 2916 nibil
1121 2854 1226 2919 dicam

139 2956 178 3016 de
200 2957 408 3019 membrorum
429 2961 609 3042 aequalitate
629 2961 713 3021 haud
733 2971 848 3021 temere
869 2960 1014 3040 tollenda,
1025 2965 1122 3046 magis
1137 2967 1231 3027 etiam

140 3085 212 3125 vera
242 3075 412 3127 structurae
443 3067 521 3128 ratio
542 3066 657 3140 obstat,
683 3088 779 3150 quum
798 3080 952 3130 aeneator
970 3068 1054 3131 haud
1074 3069 1170 3132 dubie
1189 3072 1230 3133 ad

140 3172 272 3234 verbum
304 3175 462 3236 videbatur
502 3173 796 3258 subintelligendus,
839 3176 936 3237 altera
974 3175 1139 3260 utrobique
1167 3199 1226 3263 pro

139 3290 226 3340 sexto
248 3301 318 3340 casu
339 3280 515 3343 habendum
538 3285 586 3346 sit.
1018 3344 1020 3350 .

205 3385 263 3464 4,
287 3386 315 3466 4.
333 3409 409 3471 pars
431 3402 462 3448 et
488 3387 541 3471 ea]
569 3402 615 3462 et,
647 3389 730 3472 quod
748 3389 935 3469 addidimus,
956 3389 1014 3464 soli
1043 3390 1228 3455 Taurinensi

140 3490 290 3558 debetur:
329 3493 381 3553 sed
411 3493 516 3554 eodem
540 3495 625 3555 ducit
647 3518 741 3579 prava
762 3497 967 3580 plurimorum
987 3497 1131 3561 codicum
1152 3501 1228 3561 suti·

143 3608 234 3683 ptura
254 3609 305 3662 est.
347 3597 389 3658 Et
410 3597 541 3659 multum
561 3621 632 3661 sane
653 3603 767 3680 oratio,
794 3602 906 3681 inserta
926 3606 1104 3687 particula,
1129 3608 1227 3691 profe·

144 3705 202 3763 cit:
236 3703 388 3765 clauditur
418 3707 498 3767 enim
526 3684 627 3770 biatus
659 3711 784 3791 quidam
803 3710 968 3774 verborum
989 3714 1022 3772 in
1040 3713 1165 3797 vulgata
1184 3714 1226 3778 le·

144 3811 243 3889 ctione
263 3814 341 3874 male
361 3815 528 3894 offendens,
549 3827 579 3878 et
599 3817 757 3879 commode
776 3817 853 3879 illud
872 3820 1036 3898 indicatur,
1057 3842 1120 3903 quo
1144 3843 1227 3905 prae·

144 3920 232 4004 cipue
267 3923 375 3982 nititur
408 3935 531 3985 orator:
567 3924 632 3984 lieri
658 3925 703 4004 id,
732 3926 815 4008 quod
845 3931 946 3990 minus
972 3940 1167 4010 exspectetur,
1193 3939 1228 3990 ut

145 4047 265 4110 propria
299 4029 402 4090 iudicii
436 4051 525 4092 causa
545 4030 634 4092 facile
650 4032 745 4114 possit
767 4033 906 4115 absolvi,
929 4040 1058 4120 suspicio
1078 4049 1179 4100 autem
1197 4046 1231 4098 et

146 4135 301 4219 popularis
321 4158 426 4201 rumor
446 4137 623 4224 ampliorem
649 4139 770 4203 dicendi
791 4143 948 4207 mauriem
966 4145 1120 4231 praebeat.
