2736 4696
143 241 210 319 ,52
447 245 452 255 ·
558 230 810 295 Annorum

138 432 232 497 esset,
250 420 301 482 sed
317 433 465 501 tanquam.
478 433 572 479 matre
590 416 641 479 ille
659 439 695 479 ea
715 429 857 482 uteretur.
903 411 1044 492 Quibus·
1060 421 1147 494 puto,
1170 409 1225 470 lu·

137 529 303 591 commodis
333 541 431 588 motus
464 529 645 587 Garatonius
672 530 828 608 ingeniose
858 522 1052 584 scribendum
1081 520 1221 581 censuits

137 656 192 712 ne,
217 637 414 720 quaevidcre
435 667 474 682 ν·
499 666 538 683 -
560 657 617 712 ca,
651 637 679 694 si
699 647 793 693 uentre
812 629 879 691 rell.
900 631 983 713 quod
1002 631 1138 708 recipere
1157 647 1223 686 non

136 741 320 804 dubitassem
348 744 398 822 (ut
424 746 536 824 recepit
555 739 727 828 Orellius),
749 742 806 801 nisi
827 759 899 798 vera
921 734 1090 799 huiusloci
1109 735 1224 808 sonna,

135 875 213 934 quae
234 853 363 914 eundem
388 873 520 925 sensum,
546 850 670 931 paulum
697 853 856 910 immutata
876 844 1004 918 ratione,
1025 843 1160 902 continet
1190 842 1228 901 iu

135 963 258 1042 optimis
286 962 396 1020 nostris
425 958 515 1018 codd.
546 957 722 1019 conservata
749 966 849 1016 essets
880 973 951 1012 nuni
965 972 1039 1034 qrsue
1054 986 1095 998 -—
1114 969 1172 1021 eu,
1196 952 1226 1016 εἰ

135 1082 231 1127 enarre
251 1103 292 1117 -
315 1099 353 1114 ··-
374 1079 538 1148 patarenis.
561 1067 691 1125 Gravius
705 1064 759 1136 sic,
782 1061 864 1145 quod
887 1058 969 1119 haud
993 1057 1084 1117 dubie
1102 1056 1227 1117 laetum

135 1184 234 1245 esset,
260 1173 458 1254 exprimitur,
479 1173 616 1252 quamsi
637 1181 736 1230 metus
754 1179 884 1241 tantum,
906 1187 945 1226 ne
966 1165 1042 1238 sorte
1066 1164 1145 1225 illud
1168 1187 1223 1226 ae·

137 1283 270 1355 cideret,
291 1292 367 1340 esset
385 1279 545 1345 indicatus.
596 1289 617 1370 ’ἱ

222 1389 277 1468 13,
298 1387 330 1447 8.
353 1401 439 1471 atqroe
459 1390 524 1470 ipsa
543 1388 663 1466 natura]
687 1388 744 1462 in,
765 1382 847 1466 quod
867 1381 960 1465 uulgo
982 1393 1052 1443 ante
1074 1384 1142 1466 ἱρεα
1171 1382 1225 1440 in·

136 1497 266 1572 seritur,
287 1516 348 1555 non
369 1507 534 1575 agnoscunt
546 1496 794 1577 praestantissimi
817 1493 908 1553 libri:
943 1502 1040 1552 recte:
1078 1511 1151 1549 nam
1180 1494 1227 1550 sie
1256 1486 1258 1491 ’

119 1601 252 1664 ,facilius
272 1603 421 1691 genitivus
438 1603 587 1664 tisinum
605 1605 697 1664 etiam
728 1601 768 1662 ad
792 1615 931 1662 naturam
953 1598 1105 1671 refertur,
1136 1598 1229 1680 quod

135 1712 212 1771 ratio
230 1710 371 1793 postulat.
936 1754 939 1761 .

216 1839 247 1899 9.
267 1819 321 1900 qui
339 1815 383 1876 ml
403 1818 553 1876 Ιιοηιίηεινη
574 1817 709 1898 pericula
727 1815 914 1896 deffinienda
933 1811 1126 1895 adiungerer}
1143 1815 1227 1872 Nus-

135 1945 228 2004 quam
259 1923 371 1995 clarius
384 1923 579 2002 'praestantia
599 1922 739 1981 codicum
761 1921 789 1982 A
814 1923 887 1980 etB
912 1920 1009 1980 elucet
1033 1942 1126 2002 quam
1164 1920 1230 1981 hoc

135 2030 224 2106 loco,
245 2050 336 2111 quem
360 2028 417 2088 soli
440 2029 479 2088 ad
499 2019 629 2110 priscam
653 2032 819 2090 sanitatem
843 2028 1039 2089 reduxerunt.
1086 2029 1239 2110 Vulgata·

136 2140 305 2218 scriptura:
328 2157 419 2220 quim
443 2139 487 2198 ad
501 2139 594 2197 amici
609 2137 745 2220 pericrda
759 2137 936 2212 adhiberer,
964 2136 1104 2216 quumvis
1117 2156 1231 2198 omnes

137 2243 267 2303 editores
302 2243 460 2320 fefellerit,
489 2255 588 2303 tamen
615 2245 640 2304 si
672 2222 808 2302 accurate
840 2243 904 2302 cius
931 2262 1054 2302 sensum
1078 2244 1231 2321 excutias,

136 2372 329 2433 nequaquam
357 2363 454 2433 potest
482 2351 621 2412 delendi:
656 2371 728 2411 nam
761 2362 863 2432 aperte
896 2370 987 2410 causa
1020 2349 1228 2422 desideratur,

138 2480 232 2539 quare
248 2461 355 2520 Cicero
370 2482 401 2520 se
424 2460 532 2522 melius
554 2462 645 2521 etiam
668 2481 761 2542 quam
782 2471 906 2536 ceteros,
919 2457 1000 2540 quod
1014 2459 1047 2517 in
1063 2455 1230 2520 hominum

139 2577 248 2626 natura
273 2569 405 2649 positum
427 2571 483 2641 sit,
505 2569 673 2651 perspicere
703 2567 800 2629 dicat:
824 2576 855 2626 at
883 2567 947 2626 istis
975 2565 1076 2626 verbis
1101 2576 1244 2627 eontra-1

138 2677 220 2735 rium
244 2677 436 2735 continetur:
460 2675 491 2736 id
510 2678 590 2735 euim
612 2677 724 2756 ipsum,
745 2675 828 2756 quod
845 2672 884 2733 ad
907 2674 1037 2733 amicum
1057 2670 1230 2733 defenden-

136 2781 211 2842 dum
232 2783 374 2856 accedat,
400 2778 446 2866 (et
478 2783 600 2864 quaudo
625 2782 730 2844 Cicero
757 2780 939 2843 Cluentium*
969 2780 1103 2839 amicum
1136 2803 1230 2844 suum

115 2889 248 2974 .dixit?)
277 2892 497 2952 excusationem
529 2889 661 2973 aliquam
682 2891 868 2952 violentioris
883 2893 1000 2954 Sassiae
1019 2889 1233 2950 insectationis

137 2995 250 3056 hahere
266 2999 371 3078 possit.
411 2997 515 3058 Amici
528 2999 620 3079 igitur
642 3008 720 3058 stare
734 3019 795 3058 nou
818 3009 933 3079 potest:
954 3000 1110 3065 hominum
1126 3002 1246 3071 lunice-

137 3125 244 3163 verum
279 3115 341 3164 est:
374 3125 445 3163 nam
476 3103 534 3164 hoc
561 3103 636 3164 dixit
658 3115 776 3165 orator:
814 3126 925 3186 »quam
944 3103 1049 3187 legem
1071 3106 1244 3168 humanae·

137 3222 265 3270 naturae
278 3213 397 3269 insitam
409 3231 513 3271 omues
529 3213 678 3292 cognitam
697 3211 821 3288 habent,
840 3234 905 3272 eam
921 3234 976 3295 ego
997 3235 1058 3273 non
1076 3205 1228 3292 noverim}

137 3339 228 3401 quein
247 3318 345 3398 ipsum
363 3319 443 3378 vitae
466 3320 649 3394 institutum,
663 3340 753 3401 quem
769 3321 927 3400 proprium
947 3341 1107 3380 causarum
1121 3321 1229 3380 dieen-

137 3426 245 3484 durum
272 3424 405 3484 studium
437 3425 477 3484 ad
511 3425 657 3485 naturalis
693 3427 852 3488 hominum
892 3449 995 3488 sensus
1029 3439 1063 3488 >et
1100 3428 1229 3501 affectus

137 3533 256 3614 penitus
278 3531 485 3612 percipiendos
520 3538 649 3592 vocat?u
670 3567 701 3583 .-
754 3535 895 3594 Ceterum
927 3533 1117 3616 corruptelae
1140 3537 1228 3617 origo

138 3649 168 3698 et
192 3659 369 3720 progressus
384 3639 416 3698 in
443 3638 581 3698 codicum
596 3641 729 3722 vestigiis
753 3652 858 3722 aperte
887 3641 1094 3722 conspicitur:
1129 3644 1224 3702 homi·

137 3769 225 3819 siritu,
262 3747 415 3821 onrnituu,
443 3748 594 3820 citimum,
633 3745 717 3826 quod
748 3748 886 3830 plerique
917 3747 1083 3826 exhibent,
1118 3750 1239 3824 unicui,-

138 3852 354 3936 ctmicipquod
376 3855 474 3934 ipsum
490 3855 520 3913 in
538 3855 723 3934 paucissimis
740 3855 826 3916 libris
851 3855 961 3916 diserte
982 3855 1102 3936 legitur.
1146 3856 1226 3915 Con·

139 3962 277 4021 ferantur
302 3963 393 4020 etiam
421 3961 532 4020 similes
555 3960 621 4020 loci'
647 3982 673 4020 c.
699 3960 743 4021 18.
765 3962 823 4022 51:
847 3964 896 4022 illi
903 3965 1009 4022 “aetati
1027 3956 1120 4022 solere
1141 3961 1226 4021 laudi

138 4061 228 4147 dori,
258 4069 375 4134 etiamsi
405 4068 437 4127 in
461 4070 557 4127 nzirzus
576 4065 687 4150 firmis
706 4070 802 4128 camis
829 4069 978 4135 lconu'mms
1001 4069 1144 4154 periculis
1165 4087 1224 4130 nott
