2736 4696
508 285 686 350 carrica.
1070 313 1133 386 ¹9¹

142 474 203 553 84,
226 499 255 560 7.
279 469 506 554 novennalis]
549 468 699 552 Singulari
730 465 859 548 quadam
888 463 1009 527 levitate
1039 487 1140 528 ornnes

53 587 130 662 post
151 579 317 639 Gruterum
338 578 466 640 editores
483 576 573 637 huius
594 577 657 636 sive
677 574 820 633 iudicium
841 574 904 631 sive
932 593 1064 632 errorem
1094 594 1141 633 se·

54 682 149 768 quuti
169 695 260 760 sunt,
293 685 408 745 aroneri
438 683 500 744 sine
528 681 592 742 ulla
612 680 749 741 codicum
769 674 945 739 auctoritate
966 671 1139 740 scribentes.

56 791 156 873 Quod
178 812 214 852 eo
242 793 336 874 magis
359 791 473 864 miror,
502 809 597 870 quum
625 786 788 847 sentcntiae
809 783 973 866 aequalitas
993 782 1041 844 sic'
1055 806 1141 846 ever-

57 909 166 960 tatur:
205 918 275 957 nam
306 917 383 979 quae
411 905 598 978 sequuntur:
629 895 708 954 alter
733 893 857 952 retineat
883 904 912 949 et
933 923 973 936 -·
992 892 1143 952 existimet

55 1007 223 1066 Censorem
244 990 380 1086 agentem
401 1001 539 1079 faciunt,
563 1021 624 1060 non
647 1001 825 1070 iubentem,
848 999 890 1057 ita
910 1008 945 1056 ut
967 997 1032 1057 iure
1052 997 1141 1059 alte·-

54 1133 131 1173 rum
152 1131 275 1194 quoque
295 1108 401 1168 eodem
421 1107 548 1168 arbitrio
570 1106 741 1188 praeditum
762 1115 956 1186 expectemus.

142 1283 205 1358 85,
233 1281 280 1345 18.
302 1281 458 1367 municipii
483 1303 574 1342 manu
593 1278 661 1363 sita]
713 1280 800 1339 Hanc
833 1267 980 1362 egregiam
1012 1282 1142 1363 optimo-

54 1412 127 1454 rum
155 1389 294 1451 codicum
326 1392 507 1470 scripturam
533 1386 663 1448 libenter
688 1385 841 1468 amplexus
863 1408 951 1448 sum:
982 1389 1042 1450 iam
1063 1392 1142 1450 enim

54 1499 92 1561 id
118 1499 239 1580 agitur,
264 1507 298 1556 ut
322 1496 482 1579 Oppianici
504 1492 615 1576 flagitia
643 1514 736 1577 quam
769 1491 958 1552 acerbissime
992 1497 1142 1578 exagitem
1232 1505 1237 1512 ‘

54 1617 125 1668 tur:
141 1616 172 1667 et
183 1625 254 1665 sane
269 1603 350 1664 haud
361 1604 427 1666 leve
437 1603 609 1663 convicium
622 1601 743 1662 additur
755 1599 803 1660 his
826 1599 945 1660 verbis:
961 1620 1055 1661 manu
1068 1624 1141 1677 aaa:

55 1734 137 1796 quae
166 1711 319 1795 quomodo
351 1712 382 1771 in
414 1709 563 1791 plerisque
591 1708 681 1769 codd.
713 1709 847 1770 excidere
868 1711 1038 1790 potuerint,
1068 1709 1140 1769 saci-

57 1821 118 1883 lius
152 1818 349 1901 intelligitur,
388 1838 479 1899 quam
511 1816 664 1900 quomodo
695 1816 735 1900 ab
762 1816 829 1890 ullo,
859 1815 983 1878 librario
1017 1817 1140 1880 inventa

57 1929 184 1990 suerint.

140 2100 203 2180 86,
226 2098 256 2163 5.
275 2119 335 2185 pro
370 2097 535 2179 abortione]
578 2095 659 2158 Male
688 2097 846 2160 Ernestius
865 2101 978 2182 quique
997 2121 1065 2161 eum
1093 2123 1141 2164 se-

58 2210 144 2290 quuti
174 2218 269 2285 sunt,
302 2205 381 2266 hanc
414 2207 593 2287 scripturam
614 2226 648 2265 ex
675 2205 742 2266 cod.
772 2206 803 2266 S.
826 2207 959 2270 Victoris
990 2220 1140 2281 enotatam

57 2314 208 2396 aspernati
228 2323 317 2373 suut:
352 2334 450 2394 quae,
481 2315 506 2373 si
542 2325 639 2374 totam
660 2313 697 2373 de
722 2315 884 2397 Oppianici
907 2316 1070 2379 sceleribus
1090 2318 1140 2379 hi-

56 2423 180 2483 storiam
211 2440 281 2480 cum
312 2418 369 2480 hac
405 2422 631 2482 enumeratione
665 2444 836 2505 compares,
875 2428 964 2486 unice
983 2448 1055 2486 vern
1076 2448 1140 2488 esse

57 2538 192 2611 apparet.
249 2525 337 2587 Potio
357 2526 455 2599 enim,
491 2527 573 2610 quod
601 2528 644 2589 illi
675 2532 914 2612 rescripserunt,
949 2534 1069 2592 nonnisi
1099 2532 1138 2593 ad

16 2715 21 2725 Ι
58 2635 182 2696 caedem
219 2633 353 2693 Dinaeae
383 2634 532 2714 pertinere
558 2645 672 2714 posset,
706 2657 783 2716 quae
808 2658 874 2718 cap.
907 2634 955 2715 14.
977 2649 1136 2701 narratur:

57 2741 108 2804 sed
139 2740 199 2800 hoc
234 2736 349 2798 lacinus
377 2737 468 2820 paulo
499 2750 568 2820 post
603 2740 735 2800 breviter
773 2755 1048 2804 commemoratur:
1086 2747 1139 2809 sed

48 2842 207 2928 'nusquam
238 2855 504 2905 commemoratum
534 2857 610 2906 esset
639 2843 784 2928 flagitium
812 2848 908 2929 illud,
940 2850 1021 2932 quod
1054 2851 1138 2915 nullo

57 2952 148 3015 modo
172 2952 271 3036 potuit
289 2951 498 3034 praetermitti,
512 2974 573 3035 quo
594 2955 687 3036 Magii
707 2976 829 3015 uxorem
850 2957 888 3017 ad
909 2970 1028 3039 partum
1049 2984 1139 3025 suum

56 3061 226 3123 necandum
253 3059 371 3119 induxit
405 3061 444 3139 (c.
479 3060 557 3143 in),
580 3062 638 3122 nisi
661 3061 694 3123 h.
715 3062 737 3122 l.
757 3066 906 3146 scriptura
926 3067 1079 3132 abortione
1102 3072 1137 3135 er

56 3167 274 3251 probatissimis
295 3164 379 3227 libris
399 3167 592 3248 reciperetur.
743 3163 747 3168 ’

132 3341 192 3404 18.
213 3355 245 3401 ut
263 3341 440 3422 gravissime
459 3339 578 3425 dicam]
621 3342 816 3425 Optimorum
844 3345 992 3409 librorum
1019 3356 1137 3414 monitu

56 3446 95 3510 ad
122 3446 278 3529 vulgatam
313 3457 383 3507 ante
409 3446 609 3511 Garatcuium
628 3450 807 3531 scripturam
826 3453 922 3513 redii:
959 3477 1030 3517 nam
1055 3460 1138 3541 quod

55 3554 106 3616 ille
129 3565 160 3616 et
188 3549 372 3614 recentiores
398 3553 574 3634 interpretes
602 3555 764 3617 voluerunt
783 3559 923 3636 (dicant),
948 3563 978 3622 id
1001 3586 1136 3629 necessa·

54 3661 100 3721 rio
120 3658 212 3721 aliam
233 3659 448 3719 mutationem:
468 3659 678 3739 grauissimum
700 3663 883 3744 requirebat.
927 3669 1008 3730 Tum
1035 3682 1136 3736 autern

55 3767 120 3850 ipsa
141 3766 263 3842 fiducia,
288 3787 349 3848 quo
368 3766 443 3827 haec
463 3786 540 3848 quae
561 3780 747 3848 sequuntur,
771 3772 809 3833 de
846 3775 1029 3838 Censoribus
1065 3801 1135 3861 pro·

54 3876 177 3934 nuntiat
210 3883 336 3945 orator,
369 3871 559 3933 excusatione
591 3873 722 3953 quadam
757 3897 842 3958 egere
883 3881 1022 3965 videtur,
1058 3907 1136 3969 quae

53 3977 178 4060 quidem
206 3989 309 4039 nostra
346 3978 497 4059 scriptura
531 3987 599 4059 apte
636 3980 825 4046 continetur:
854 3990 1030 4067 manissime
1054 3995 1135 4058 enim
1176 4013 1178 4016 ·

52 4084 221 4168 significat:
242 4106 308 4148 curn
330 4085 483 4147 severitate
501 4097 531 4146 et
552 4085 740 4167 ingenuitate.
