2736 4696
506 253 590 316 ruo
611 252 652 316 A.
675 252 903 316 ctunurro.
1195 262 1245 337 63

159 435 288 532 modi,
324 457 370 516 ut
394 464 520 543 neque
545 439 735 543 appellata
759 466 946 541 umquam
972 437 1114 516 iudicia
1144 440 1272 531 sint,-

160 589 290 666 neque
315 563 535 638 existimata.
560 561 841 664 Hicego,magis
855 579 902 637 ut
924 559 1239 669 consuetudinem
1261 563 1305 647 89

160 694 324 778 servem,
359 714 487 791 quam
500 683 607 789 quod
638 711 702 762 vos
736 710 815 762 non
848 705 969 761 vestra
1001 684 1076 762 hoc
1110 706 1244 791 sponte

160 805 327 897 faciatis,
360 827 489 914 petam
512 834 535 881 a
563 807 687 897 vobis,
720 824 766 882 ut
788 833 868 897 me,
895 806 990 882 dum
1015 805 1063 880 de
1086 806 1148 884 his
1169 808 1246 884 sina
1286 888 1291 895 ,
1347 898 1350 904 ⁴

145 932 264 1034 §gulis
288 930 444 1037 disputo
468 927 634 1020 iudiciis,
663 928 1002 1005 attenteaudiatis.
1051 929 1244 1008 Condem-
1269 938 1317 1010 33

162 1073 276 1132 natus
299 1074 356 1131 est
377 1056 416 1129 C.
442 1052 592 1142 lunius,
618 1052 688 1156 qui
712 1055 748 1127 ei
772 1050 985 1155 quaestioni
1010 1052 1245 1157 praefuerat:

163 1179 260 1255 adde
285 1178 402 1255 etiam
426 1175 551 1265 illud,
576 1175 607 1251 si
640 1178 780 1281 placet:
818 1194 903 1252 tum
933 1191 988 1257 est
1019 1178 1248 1257 condemna-

164 1325 253 1394 tus‚·
282 1328 407 1406 quum
441 1318 531 1376 esset
561 1298 677 1373 iudex
712 1297 955 1403 quaestionis
1013 1301 1100 1379 Non
1131 1303 1246 1379 modo

164 1450 312 1514 causae,
337 1409 401 1500 seri
426 1448 476 1497 ne
500 1421 573 1524 legi
599 1420 758 1524 quidem
782 1421 997 1526 quidquam
1023 1453 1094 1530 per
1107 1424 1247 1502 Tribu.

137 1576 261 1625 ronum
282 1547 404 1653 plebis
428 1545 633 1620 laxamenti
665 1543 800 1620 datum
831 1563 895 1620 est
955 1548 1043 1643 Quo
1076 1564 1246 1654 tempore

166 1672 278 1747 illum
303 1697 325 1744 a
350 1669 570 1771 quaestione
594 1666 643 1742 ad
680 1669 836 1742 nullum
868 1666 978 1743 aliud
1009 1669 1245 1774 reipublicae

165 1823 305 1871 munus
328 1792 469 1869 abduci
494 1791 646 1880 licebat,
674 1815 718 1864 eo
738 1808 907 1894 tempore
920 1789 970 1865 ad
985 1795 1246 1894 quaestionem

167 1916 244 2022 ipse
276 1918 458 2020 abreptus
482 1931 544 1990 est.
595 1916 646 1988 At
671 1938 789 2013 quam
814 1914 1100 2022 qqaestionem?
1148 1917 1245 1993 Vul-

168 2059 224 2116 tus
247 2040 352 2116 enim
376 2037 507 2126 vestri,
539 2033 699 2124 iudices,
733 2059 794 2108 me
829 2035 1013 2128 invitant,
1048 2057 1112 2130 ut,
1145 2065 1244 2143 quae

139 2160 357 2242 r5reticenda
374 2178 562 2266 putaram,
581 2158 699 2233 libeat
714 2155 790 2231 iam
801 2159 926 2234 libere
940 2159 1077 2239 dicere.
1111 2163 1242 2261 Quid?
1262 2192 1303 2259 9⁰

166 2287 229 2363 illa
257 2284 412 2362 tandem
436 2283 627 2387 quaestio,
651 2299 721 2356 aut
744 2280 984 2395 disceptatio,
1010 2306 1079 2364 aut
1103 2288 1242 2365 iudici·

165 2438 230 2488 um
251 2409 350 2486 suit?
397 2407 546 2484 Putabo
569 2403 696 2481 fuisse:
723 2401 849 2495 dicat‚¹
867 2406 936 2508 qui
961 2411 1045 2487 vult
1066 2411 1180 2488 hodie
1197 2414 1245 2494 de
1296 2454 1303 2462 ’

166 2532 230 2611 illo
255 2536 401 2639 populo
426 2530 633 2619 concitato,
669 2528 732 2603 cui
762 2547 845 2605 tum
879 2533 1024 2634 populo
1056 2561 1136 2612 mos
1168 2564 1244 2642 ges-

167 2673 225 2732 tus
248 2674 324 2731 est:
350 2681 428 2756 qua
449 2651 496 2726 de
513 2677 557 2749 re
573 2649 709 2726 Iunius
730 2675 882 2724 causam
902 2649 1049 2730 dixerit.
1101 2660 1244 2755 Quem.

134 2805 326 2884 totumque
343 2777 536 2881 rogaveris,
560 2774 633 2850 hoc
643 2772 894 2878 respondebit,
918 2766 1023 2880 qnod
1037 2785 1242 2885 pecuniam

164 2902 365 3010 acceperit,
417 2898 523 3004 quod
550 2898 793 2973 innocentem
826 2897 1127 2982 circumvenerit.
1175 2912 1242 2987 Est

163 3028 254 3105 haec
280 3023 421 3131 opinio.
471 3027 537 3106 At,
561 3021 592 3097 si
618 3022 670 3098 ita
696 3043 803 3114 essct,
830 3023 903 3099 hac
920 3025 1000 3128 lege
1023 3049 1241 3109 accusatum

164 3179 234 3230 esse
260 3149 454 3255 oportuit,
479 3173 556 3251 qua
581 3167 780 3223 accusatur
804 3147 1001 3224 Habitus„
1024 3156 1075 3228 At
1095 3153 1174 3258 ipse
1196 3183 1239 3232 ea

162 3280 239 3384 lege
267 3270 484 3380 quaerebat
518 3273 660 3344 Paucos
677 3269 756 3346 dies
773 3291 1012 3378 exspectasset
1022 3273 1237 3370 Quinctius

244 3505 292 3574 18.
310 3516 376 3566 tum
394 3521 459 3563 mos
539 3519 587 3560 20.
608 3494 752 3581 rogaris?

234 3723 272 3760 ru.
287 3698 388 3755 adduci
407 3693 834 3820 abodefqitmnopq'rstuv
912 3703 958 3758 13.
976 3711 1097 3776 streptu,
1116 3704 1157 3761 εὴ
1175 3709 1240 3776 ⁵⁶⁰.
1354 3693 1357 3702 .

162 3774 243 3831 tttn
272 3787 376 3849 qsvus
411 3778 531 3822 arrectus
569 3766 612 3820 οδ
670 3769 839 3822 abiectusw
881 3770 975 3845 aqud
991 3778 1145 3832 ,match
1179 3786 1236 3836 „g

162 3867 180 3902 u
199 3795 270 3900 cosp
296 3845 433 3898 Franco
466 3840 556 3892 voltus
575 3837 725 3910 ABeltpu
800 3840 839 3898 15.
870 3852 996 3910 putarem
1013 3799 1238 3922 ABadeyghs'

163 3919 472 3991 klmpqrstuvoetp
507 3907 604 3980 libeat]
625 3907 741 3961 iubeant
757 3909 808 3961 AB
881 3929 919 3982 ¹7·
939 3925 1103 3985 patmon
1137 3928 1234 3989 putato

164 3992 233 4062 λμξ
287 3981 528 4069 quiJ'quidBmv
584 3984 625 4036 18.
642 3989 699 4032 tum
722 3981 825 4048 populo
848 3997 906 4057 mos
926 3988 981 4040 AB
1019 3995 1077 4040 tum
1104 3991 1236 4046 mosBO

164 4078 204 4117 πο,
221 4071 356 4127 rogaveris
372 4053 427 4105 AB
461 4050 627 4119 rogauero
696 4066 738 4106 uu.
758 4051 817 4123 lege
836 4048 928 4107 otta
997 4053 1131 4130 assim]
1151 4059 1233 4116 sulm

161 4126 539 4203 dejghiklmnopqrstu
557 4136 609 4174 om.
627 4120 691 4174 AB.
