2736 4696
1089 284 1180 335 xxtlt

139 449 169 512 R
211 442 321 533 reliqui
350 448 471 514 codices
498 461 616 535 praeter
644 472 718 532 eos,
751 471 826 535 qnos
846 454 954 537 quovis
975 453 1043 518 loco
1062 475 1184 518 enume-

209 584 356 646 ravimus.

70 754 95 770 Α.
128 712 173 774 -Ο
216 712 366 776 editiones
385 724 480 776 notae
499 732 614 776 omnes.

88 835 184 928 vulg.
218 845 318 908 maior
339 843 507 908 editionum
527 865 622 929 pers,
651 849 814 932 praecipue
840 847 985 912 editiones
1013 849 1134 914 Gruteri
1153 862 1184 914 et

91 967 95 975 ’
211 971 293 1059 qnae
312 987 498 1060 sequunture
572 1036 575 1042 .

173 1103 295 1167 Horum
322 1106 478 1190 signorum
505 1129 563 1171 usu
590 1120 684 1172 totam
706 1112 842 1175 lectionis
864 1106 1038 1175 summatem
1058 1083 1101 1174 ita
1120 1111 1182 1176 dis·
1293 1139 1296 1145 ·

92 1237 277 1337 posuimus,
317 1239 410 1305 utad
430 1260 504 1301 eam
524 1255 663 1307 accurate
684 1243 920 1328 cognoscendam
949 1242 1025 1305 nihil
1053 1242 1184 1306 difficul-

90 1338 162 1432 tatis
184 1377 239 1430 aut
257 1366 455 1431 dubitationis
475 1392 631 1454 superesse
653 1394 820 1456 speremus.
872 1376 1031 1454 Quantum
1050 1375 1082 1436 iu
1103 1395 1184 1438 nova

92 1502 281 1601 recensione¹
300 1502 487 1592 restituenda
513 1485 771 1586 praestiterimus,
805 1507 942 1588 apposita
969 1505 1083 1589 ubique
1103 1509 1183 1569 inter

90 1643 266 1694 contextum
285 1644 317 1696 et
336 1636 514 1697 varietatem
533 1646 635 1698 vetere
655 1636 823 1718 scriptura,
855 1655 948 1720 quarn
982 1636 1181 1716 deseruimus,

90 1763 259 1826 indicatum
279 1773 336 1826 est.

172 1897 280 1960 Restat
320 1907 356 1958 ut
394 1917 490 1980 pauca
531 1894 570 1958 de
610 1896 844 1981 orthographica
879 1897 996 1959 ratione
1033 1896 1181 1981 dicamus,

90 2047 187 2112 quam
225 1987 463 2087 inscribendo
497 2027 664 2108 sequimur.
727 2028 795 2088 Etsi
827 2027 936 2112 cupide
978 2026 1211 2112 exspectamus

89 2159 283 2243 quaestiones
321 2155 360 2217 de
394 2165 531 2218 veterum
567 2157 719 2219 scribendi
753 2157 871 2240 cnudo,
916 2179 991 2246 quas
1022 2155 1120 2244 nuper
1149 2184 1182 2225 se

89 2289 249 2353 editurum
278 2287 433 2371 pollicitus
468 2299 514 2351 est
545 2289 593 2351 Cl.
613 2289 811 2371 Wunderus‚
847 2290 919 2374 quia
937 2288 1089 2376 plerisque
1116 2294 1180 2356 eius

91 2422 249 2486 doctrinae
270 2423 408 2507 partibus
436 2445 491 2486 nos
519 2445 642 2507 prorsus
668 2445 839 2486 emensuros
861 2444 924 2486 esse
951 2435 1032 2486 certe
1051 2427 1176 2488 scimus:

93 2571 157 2617 non
177 2553 293 2637 placuit
312 2565 414 2617 tamen
435 2555 467 2615 in
489 2556 648 2618 scribendo
667 2554 792 2617 eandem
821 2556 902 2617 viam
927 2565 1049 2634 tenere,
1085 2578 1178 2639 quam

92 2691 157 2774 ipse
178 2688 212 2750 in
234 2687 399 2750 novissima
417 2687 561 2748 orationis
580 2686 766 2749 francianae
791 2685 923 2747 editione
948 2685 1066 2766 ingredi
1088 2708 1178 2749 ausus

91 2828 146 2882 est.
190 2816 350 2880 Credimus
371 2816 524 2879 Ciceronis
544 2826 641 2878 aetate
660 2813 792 2897 plurima
811 2815 854 2876 sic
882 2835 947 2876 esse
975 2819 1104 2900 scripta,
1143 2829 1178 2880 ut

90 2949 141 3014 ille
160 2951 276 3014 edidit:
302 2959 404 3010 tamen
425 2957 564 3010 nostrum
583 2968 645 3008 non
666 2967 729 3008 esse
749 2947 881 3026 videtur,
909 2949 961 3031 qui
981 2959 1091 3030 quarto
1109 2963 1178 3032 post

91 3091 210 3162 renatas
237 3079 352 3142 litteras
380 3077 482 3140 seculo
515 3078 672 3157 vivimus,
704 3087 865 3160 postquam
899 3077 1054 3161 vulgarem
1086 3103 1177 3147 usum

91 3223 136 3274 tot
171 3209 391 3274 immortalium
423 3211 561 3274 virorum
592 3230 685 3306 opera
714 3221 902 3281 sanxerunt,
939 3231 1023 3274 nunc
1053 3226 1176 3298 repente

93 3344 152 3409 alio
182 3365 268 3409 more
296 3341 405 3406 Latine
431 3344 562 3406 scribere
590 3345 742 3425 incipere:
764 3364 826 3426 qno
844 3343 924 3405 facto
943 3363 1050 3407 vereor
1069 3366 1109 3408 ne
1127 3347 1175 3408 ni-

92 3479 177 3541 nium
212 3477 333 3541 mutata
360 3500 423 3541 esse
454 3479 594 3542 videatur
625 3478 721 3540 forma
745 3490 776 3541 et
797 3479 927 3563 species,
957 3499 1019 3560 qua
1038 3491 1102 3542 tam
1122 3480 1175 3544 diu

92 3605 252 3671 florentem
264 3604 460 3691 philologiam
480 3605 618 3667 indutam
640 3604 793 3687 adspicere
805 3572 1028 3670 consuevimus.
1072 3609 1175 3688 Quare

91 3739 167 3802 nihil
214 3740 419 3802 notavimus:
476 3738 529 3798 sed
578 3738 632 3799 ubi
674 3739 869 3822 grammatica
913 3739 1025 3802 diserte
1064 3762 1175 3803 verum

89 3865 195 3950 docet,
230 3867 368 3930 velutin
397 3867 568 3930 accusativo
595 3864 705 3948 plurali
738 3846 844 3929 tertiae
867 3868 1076 3932 declinationis
1095 3872 1128 3931 in
1149 3871 1176 3931 is

90 3999 264 4063 terminanti
286 4001 337 4073 (v.
357 3996 655 4063 Priscian.L.V11.
678 4021 711 4084 p·
727 3999 798 4084 755.
819 4021 886 4086 sqq.
908 4000 975 4086 P.)‚
997 4024 1175 4089 magnorum
