2736 4696
590 260 769 324 carries.
824 271 825 274 Ν
1150 272 1219 372 ,89

83 418 87 428 ¹
134 447 328 512 aestimandis
348 458 378 509 et
398 448 429 508 in
450 445 670 508 iustoiudicio.
721 449 834 508 Litium
859 446 1024 509 aestimatio
1045 447 1084 508 ad
1103 447 1212 510 damna

136 553 325 614 resarcienda
351 552 522 634 spectabat;
546 555 578 612 iu
599 552 710 612 iudicio
732 552 820 635 culpa
845 551 975 613 eiusdem
997 553 1115 616 sceleris
1140 576 1214 615 con-

134 661 328 722 stituebatur.
370 660 481 742 ltaque
500 659 554 719 ubi
573 661 605 719 in
626 659 818 720 aestimandis
841 659 943 720 litibus
975 660 1071 720 multa
1098 658 1212 723 inflicta

110 828 118 857 χι
139 779 225 854 erat,
261 768 365 829 eadem
396 790 486 829 causa
514 769 615 830 denuo
644 760 677 828 in
710 768 854 829 iudicium
882 777 989 830 vocata
1023 765 1112 848 longe
1130 767 1219 828 aliter

137 874 266 936 iudicari
284 878 395 956 potuit.
436 875 530 966 Quod
552 875 840 957 in‘repetundarum
860 877 986 935 crimine
1008 894 1081 956 prae
1112 874 1217 934 ceteris
1276 907 1278 911 1

136 978 239 1042 locum
271 980 415 1043 habebat.
467 983 547 1042 Nam
576 982 628 1064 qui
658 981 689 1041 in
719 985 876 1062 provincia
904 983 1012 1044 iniuste
1047 993 1217 1042 exactorum

140 1076 340 1168 pecuniarum
366 1077 522 1150 accusatus
550 1098 634 1166 erat,
666 1089 691 1148 si
720 1089 854 1148 severius
882 1087 948 1148 lites
970 1088 1216 1166 aestimabantur,

139 1197 302 1257 maiestatis
336 1213 463 1274 poenam
492 1193 662 1276 persolvere
682 1193 888 1275 adigebatur,
917 1193 943 1253 si
963 1191 1082 1266 lenius,
1104 1212 1141 1251 eo
1159 1212 1216 1252 no·

138 1303 217 1361 mine
249 1295 460 1375 damnabatur,
494 1301 576 1381 quod
609 1298 767 1380 pecuniam
793 1297 960 1379 accepisset.
1000 1297 1060 1358 Sed
1080 1299 1161 1380 quod
1183 1299 1217 1363 in

140 1407 246 1470 litibus
279 1405 472 1467 aestimandis
499 1406 664 1467 iudicatum
695 1416 783 1485 erat,
818 1406 849 1465 id
871 1426 934 1467 non
955 1425 1079 1486 semper
1100 1407 1131 1465 in
1152 1408 1217 1487 ipso

138 1515 253 1576 iudicio
286 1495 482 1575 servabatur’:
516 1514 610 1575 immo
640 1515 693 1595 qui
719 1516 887 1596 graviorem
907 1512 1034 1573 multam
1058 1514 1090 1572 in
1110 1511 1217 1576 litibus

138 1620 489 1701 aestimandispenderat
504 1623 530 1681 is
554 1622 585 1679 in
601 1620 713 1680 iudicio
732 1641 820 1702 saepe
841 1621 942 1680 minus
962 1641 1064 1682 severe
1082 1623 1218 1687 ,dimitte-

140 1727 241 1789 batur.
286 1728 389 1804 Quare
404 1725 517 1808 quibus
535 1727 696 1786 maiestatis
717 1725 783 1788 lites
800 1727 970 1787 aestimatae
990 1739 1100 1807 essent,
1126 1729 1217 1794 iidem

138 1835 168 1896 iu
189 1836 353 1897 maiestatis
374 1833 485 1894 iudicio
508 1855 570 1894 non
590 1855 660 1894 raro
681 1833 924 1895 absolvebantur.
971 1834 1037 1896 Hoc
1060 1834 1136 1897 illud
1157 1851 1214 1915 est,

135 1942 219 2025 quod
239 1942 343 2003 Cicero
363 1941 397 2001 h.
419 1939 443 2000 l.
466 1942 598 2022 exponit,
612 1962 668 2002 nec
688 1942 748 2001 nisi
768 1943 895 2023 repetito
907 1943 1069 2002 ηιαίεειαιὶε
1083 1949 1215 2027 nomine,

137 2048 225 2132 plane
257 2060 288 2110 et
327 2049 436 2110 diserte
466 2051 613 2110 enuntiat.
674 2047 787 2108 Contra
818 2045 885 2108 lites
915 2048 1068 2116 interdum
1096 2053 1216 2123 mitiore

139 2161 262 2220 nomine
290 2156 546 2228 aestimabantur,
585 2168 614 2217 et
634 2155 779 2216 iudicium
796 2157 927 2216 severius
952 2155 1109 2238 agebatur,
1129 2159 1215 2239 quod

138 2262 248 2325 iactum
276 2260 414 2324 videmus
446 2263 478 2321 in
512 2261 551 2321 T.
576 2261 712 2342 Septimii
730 2259 891 2322 Scaevolae
911 2282 1013 2340 causa,
1035 2284 1112 2344 quae
1133 2265 1166 2325 h.
1191 2264 1214 2330 Ι.

139 2368 244 2434 leviter
274 2379 542 2446 commemoratur,
576 2367 627 2428 sed
655 2366 765 2429 clarius
792 2352 956 2449 explicatur
976 2369 1007 2428 in
1029 2369 1118 2438 Verr.
1146 2371 1213 2434 Act.

138 2475 163 2542 1.
183 2495 210 2536 c.
235 2474 284 2535 13.
306 2471 365 2535 38:
394 2472 433 2536 P.
463 2471 606 2554 Septimio
632 2478 772 2533 'senatore
798 2471 948 2546 danitas,
988 2476 1027 2559 Q.
1054 2475 1213 2538 Hortensii>

135 2595 293 2666 praetore,
313 2579 351 2640 de
367 2565 499 2662 pecuniis
520 2578 706 2661 repetundis,
735 2580 780 2639 lis
795 2582 954 2640 aestimata
973 2594 1016 2640 est
1036 2586 1209 2660 eonomine,

138 2688 218 2771 quod
234 2686 290 2748 tlte
308 2685 344 2746 ob
364 2705 428 2746 rem
446 2683 639 2746 indicandum
659 2686 821 2768 pecuniam
846 2686 1010 2768 accepisset.

221 2822 250 2890 5.
282 2821 399 2883 eosdem
436 2821 547 2882 iudices
577 2818 744 2903 absolvant]
795 2820 887 2883 Haud
918 2829 1136 2891 contemnenda
1168 2845 1213 2896 est

139 2935 321 3014 optimorum
342 2928 431 2990 codd.
451 2929 597 2988 correctio
617 2949 673 3008 pro
695 2925 778 3008 vulg.
810 2949 858 2988 eos
881 2931 929 2989 illi
948 2931 1080 3013 iudices,
1100 2939 1131 2997 in
1149 2960 1212 3022 quo

137 3057 302 3121 pronomen
330 3035 380 3095 illi
413 3036 446 3094 in
465 3055 507 3135 're
528 3079 537 3112 ,
558 3053 649 3117 quam
682 3054 770 3114 saepe
802 3034 867 3095 fieri
897 3038 1034 3100 videmus
1055 3047 1213 3126 nequead

138 3157 250 3208 certam
270 3142 403 3225 aliquam
423 3161 544 3202 causam
567 3141 744 3216 referimus,
767 3140 856 3202 valde
873 3144 1097 3210 incommodum
1115 3164 1171 3215 cst.

225 3305 275 3366 ¹7·
297 3281 585 3345 artimadversiortem
602 3294 688 3366 atque
707 3265 913 3344 auctoritatem
935 3285 1120 3372 Censorium]
1140 3291 1213 3354 Ele⁴

139 3401 259 3476 gentem
287 3389 379 3451 huius
404 3390 462 3453 loci
493 3389 706 3473 proprietatem
735 3399 841 3449 contra
861 3411 1044 3475 praepopera
1064 3397 1213 3460 editorum

137 3476 297 3564 ¹conamina
328 3500 400 3559 satis
429 3507 532 3559 tuetur
563 3497 763 3557 Garatonius:
794 3496 921 3558 rariores
940 3498 1113 3564 huiusmodi
1133 3515 1212 3565 stru.

137 3619 259 3694 stores,
280 3626 358 3689 quae
377 3604 417 3665 ad
435 3603 643 3664 obtectionem
664 3605 833 3683 pertinent,
855 3624 917 3664 non
938 3626 956 3665 a
976 3605 1106 3669 librariis
1128 3609 1211 3673 inve-

136 3713 197 3778 niri
217 3734 308 3776 nemo
326 3733 388 3775 noo
409 3711 503 3773 videt.

219 3841 284 3920 81,
307 3841 337 3908 5.
357 3842 503 3923 undaque
523 3835 616 3919 efficii
632 3840 787 3899 constituta
805 3840 997 3928 necessitudo]
1047 3847 1138 3908 Recte
1167 3851 1210 3910 sic

139 3947 260 4032 vtdgata
278 3949 428 4030 scriptura
447 3956 527 4007 stare
545 3944 688 4038 videtur,
710 3944 848 4040 quamvis
868 3946 1015 4012 librorum
1034 3955 1211 4015 auctoritate

141 4055 298 4121 destitutas
320 4073 391 4116 nam
410 4047 516 4132 officiis
535 4070 683 4134 nusquam
707 4061 853 4133 apparet,
874 4053 986 4139 ubique
1005 4055 1108 4139 officii,
1128 4061 1210 4141 quod
