2736 4696
603 243 785 310 cuuci.
1151 272 1219 345 20⁷

139 433 315 519 tegebatur:
336 452 409 495 nam
431 452 493 494 una
512 442 558 494 est
576 432 609 494 in
624 428 753 511 semaia,
781 430 839 492 nisi
858 427 971 492 insoliti
989 429 1062 514 quid
1082 429 1219 511 accedat,³

134 544 270 605 dentium
288 521 382 626 pars·
408 539 483 624 quid
503 549 580 602 esset
596 539 709 622 igitur:
735 558 777 600 ex
800 539 885 599 omni
893 551 985 622 parte
1002 539 1161 600 dentum?
1179 572 1222 588 -

137 650 204 710 iam
229 659 330 711 autem
348 649 423 710 hacc
443 647 558 710 serrula
576 666 640 709 non
660 645 760 708 coium
778 664 813 706 ex
834 644 974 707 inferiore
992 656 1078 729 parte
1099 647 1221 707 dentata

136 766 215 830 erat,
226 755 279 817 sed
299 757 388 818 etiam
405 777 441 817 cx
459 755 614 838 superiore
631 765 662 816 et
676 752 716 815 ab
733 763 864 837 utruque
878 751 992 817 tatem
1017 772 1131 816 serram
1146 753 1221 815 den·

135 875 231 926 tatum
250 863 343 924 habet
357 863 477 925 Plinius
498 862 539 924 Η.
561 862 602 924 Ν.
620 862 777 938 xxxvl,
802 881 855 924 ao.

224 1001 299 1085 128,
330 1002 379 1064 15.
410 1000 558 1086 adstrue]
593 1004 675 1065 Mira
702 1014 747 1064 est
771 1003 807 1065 h.
826 1003 849 1066 Ι.
870 1005 902 1066 in
927 1014 1009 1067 certa
1036 1001 1165 1067 lectione
1190 1018 1221 1070 et

134 1110 227 1173 MSS.
246 1132 393 1172 consensu
415 1108 568 1170 editorum
590 1107 808 1190 discrepantia:
840 1106 1006 1175 Lambinus
1027 1115 1091 1197 ipse
1113 1123 1144 1174 et
1159 1106 1221 1175 Er.¹

135 1220 252 1279 ncstius
277 1240 296 1277 a
324 1238 397 1278 vero
421 1215 583 1277 aberrant:
622 1233 695 1276 nam
722 1213 811 1275 nobis
839 1214 962 1296 quidem
984 1227 1067 1278 extra
1100 1240 1220 1283 omnem

135 1323 356 1385 dubitationem
386 1322 518 1405 positum
544 1342 609 1385 esse
639 1321 778 1402 videtur,
817 1320 960 1384 colonum
991 1323 1077 1386 iilum
1103 1328 1141 1408 (c.
1157 1329 1221 1409 62.)

135 1433 199 1492 sive
225 1429 326 1492 Attius
350 1430 389 1491 sit
406 1431 471 1503 sive
494 1427 621 1507 Albius,
657 1430 731 1493 huic
757 1431 926 1512 quaestioni
951 1431 1140 1495 interfuisse:
1167 1432 1221 1497 sed

135 1538 252 1600 bonnm
269 1538 371 1599 virum
389 1557 459 1598 eum
478 1535 630 1620 appellare
652 1546 735 1598 vetat
754 1546 869 1598 orator.
908 1535 994 1598 Idem
1015 1538 1220 1603 indicatnrc.
1343 1560 1348 1572 ·

135 1640 612 1728 66.·1n..·neminemrepertem
630 1643 688 1704 aar
683 1641 793 1722 ficte
812 1643 1221 1733 erisuwdihomrircm,qroem

136 1775 190 1836 ego
200 1755 340 1838 prostni
351 1753 482 1828 malim,
507 1771 598 1837 qnam
618 1753 765 1813 uerticem
783 1751 949 1814 nominari.

224 1915 272 1978 ¹7·
296 1907 403 1955 conata
428 1890 475 1978 es]
504 1891 598 1978 vulgo
617 1903 725 1956 conata
751 1905 810 1956 est:
844 1888 1047 1956 cinisium
1075 1896 1220 1961 orationis

136 2003 334 2063 conversione
351 2000 390 2061 ad
408 2022 441 2082 p.
467 2020 517 2079 ια,
543 1997 574 2080 4.

225 2139 273 2203 ι8.
301 2142 416 2227 tunctsi
438 2142 478 2202 ab
506 2143 560 2203 boc
588 2161 649 2204 non
673 2163 733 2203 esse
763 2142 875 2206 dictum
902 2143 1085 2229 mementote]
1127 2145 1220 2211 Hunc

136 2249 240 2310 locum
265 2248 304 2309 ab
333 2246 498 2310 editoribus
515 2232 629 2310 ¹misere
659 2248 800 2311 habitum
826 2250 964 2312 codicum
991 2273 1051 2336 ope
1071 2246 1219 2344 perquam

137 2357 333 2418 sanavimus:
370 2354 610 2437 corruptelarum
636 2357 773 2418 omnium
794 2358 861 2420 sons
889 2360 921 2419 in
953 2381 989 2421 eo
1015 2363 1131 2445 positus
1162 2352 1219 2442 θεῖ.
1270 2436 1272 2443 y

136 2462 220 2545 quod
240 2484 301 2525 esse
321 2461 353 2524 in
374 2461 478 2524 multis
505 2461 592 2532 MSS.
616 2463 655 2525 ab
676 2466 835 2528 incuriosis
857 2464 988 2530 librariis
1006 2470 1038 2528 in
1060 2482 1133 2530 esset
1149 2492 1219 2531 mu-

135 2582 237 2632 tatum
263 2583 345 2634 erat:
382 2592 443 2655 quo
471 2571 568 2646 iacto,
610 2587 797 2649 inmature,
832 2575 915 2659 quod
944 2579 976 2636 in
1001 2573 1086 2636 nullo
1113 2574 1219 2636 codice

136 2680 304 2754 omittitur,
341 2678 432 2742 vaide
456 2680 700 2758 incommodum,
722 2683 816 2743 immo
831 2700 923 2745 sensu
942 2683 1120 2746 destitutum
1132 2694 1216 2746 emt:

135 2808 230 2870 quare
246 2787 276 2848 in
290 2786 337 2850 ed.
362 2787 485 2848 Iuntina
504 2784 640 2870 primum
659 2786 814 2862 omissuri,
837 2789 869 2851 in
898 2785 1094 2872 sequentibus
1119 2789 1219 2849 omni·

136 2895 194 2956 bus
215 2892 370 2976 expulsum
395 2902 455 2954 est:
484 2909 671 2982 quamquam
689 2910 780 2975 quem
798 2910 916 2959 sensum
937 2917 972 2957 ex
986 2893 1055 2956 ioco
1076 2893 1219 2956 mutilato

136 2991 359 3065 exculcaverint
376 3003 570 3084 interpretes,
590 3020 652 3062 non
673 2999 780 3061 videor
801 3018 872 3060 nam
888 3001 926 3078 is,
946 3001 1103 3089 quiunioe
1116 3000 1219 3063 verbis

138 3109 275 3171 »tametsi
288 3107 384 3170 adhuc
407 3091 467 3169 iton
487 3120 559 3168 esset
583 3090 716 3169 dictum«
736 3109 833 3169 inesse
860 3117 977 3190 potestr
1004 3109 1074 3171 ‚11oe
1098 3108 1218 3195 quidem

136 3219 200 3280 iam
224 3218 263 3278 ab
287 3215 380 3278 Accio
402 3216 468 3276 sive
496 3237 517 3277 a
543 3213 648 3276 Sassia
671 3237 732 3277 esse
756 3216 951 3300 prolaturi«,
984 3215 1102 3301 ineptus
1125 3216 1216 3280 foret.

136 3326 201 3386 Cur
229 3323 353 3385 enimsi
376 3321 453 3385 nihii
478 3323 553 3384 novi
576 3319 679 3398 affert,
711 3321 820 3392 diserte
845 3322 1006 3384 inventum
1033 3342 1121 3386 suum
1150 3323 1219 3386 lau.

136 3431 212 3492 dat?
241 3429 301 3490 Sed
320 3427 393 3512 quid
412 3431 445 3491 in
469 3429 551 3491 falsis
578 3429 756 3489 commentis
776 3426 943 3489 refutandis
962 3448 1135 3510 moramur,
1164 3431 1220 3498 ubi

136 3560 244 3599 verum
272 3537 440 3598 remedium
464 3535 504 3598 ab
529 3535 601 3618 ipsis
624 3532 714 3595 codd.
739 3533 972 3616 suppeditatur?
1000 3534 1110 3597 Cicero
1138 3540 1220 3606 enim

135 3662 231 3729 quum
250 3646 302 3726 id,
337 3645 420 3729 quod
439 3644 538 3707 solum
556 3642 596 3704 ab
619 3639 843 3704 accusatoribus
863 3640 1023 3704 excusandi
1041 3642 1141 3726 gratia
1160 3645 1220 3708 dici

135 3757 249 3838 potuit,
280 3756 343 3838 ipse
363 3753 519 3838 proferat,
546 3749 661 3812 iudices
687 3748 847 3826 admonet,
876 3749 909 3812 id
930 3751 1030 3833 ipsum
1048 3760 1155 3811 'tamen
1180 3747 1223 3810 an

136 3863 232 3925 Accio
249 3884 312 3925 non
333 3880 397 3924 esse
418 3860 555 3922 dictumz
592 3859 709 3920 tamesi
730 3857 770 3918 αὖ
788 3858 843 3920 hoc
861 3877 921 3920 non
940 3875 1000 3918 esse
1018 3854 1127 3917 diem
1148 3874 1221 3918 ene·

136 3984 269 4036 memora
310 3971 455 4030 Laetatur
477 3969 581 4050 igitur,
601 3965 642 4026 ab
662 3963 808 4047 improbis
819 3963 923 4028 'solam
946 3961 1105 4027 ercusmdi
1125 3963 1220 4027 ratio·

135 4070 225 4160 nem,
251 4100 313 4163 qua
333 4078 524 4139 innocentem
541 4074 713 4158 opprimere
728 4072 915 4159 potuissent,
937 4092 1000 4138 non
1022 4090 1088 4140 cete
1110 4071 1220 4142 arvon-
