2736 4696
148 277 216 325 l20
601 247 762 308 culmo

69 450 113 520 61
241 437 372 509 Unum
396 435 513 510 etiam
538 434 636 509 mihi
662 436 857 536 reliquum
875 429 1062 511 eiusmodi
1080 435 1234 513 crimen

80 567 138 651 169
148 575 228 641 est,
269 556 441 642 iudices,
483 585 528 633 ex
571 585 650 661 quo
685 557 785 632 illud
824 559 1038 661 perspicere
1068 559 1234 662 possitis,

146 679 251 782 quod
277 709 299 754 a
323 707 385 771 me
398 682 511 757 initio
527 681 709 757 orationis
726 709 830 756 meae
850 680 1088 756 dictumest:
1115 679 1236 784 quid-

146 800 244 902 quid
274 803 366 876 mali
400 829 470 906 per
495 803 604 879 hosce
629 831 750 880 annos
776 807 827 909 Α.Ι
844 803 1045 880 Cluentius
1076 805 1235 900 viderit,

144 922 340 1027 quidquid
379 925 454 1002 hoc
495 947 665 1033 tempore
706 928 847 1006 habeat
879 926 1153 1005 sollicitudinis
1187 938 1252 1004 aed

83 1126 87 1138 s
144 1049 302 1150 negotii,
330 1048 371 1123 id
397 1072 510 1124 omne
533 1077 555 1125 a
581 1069 701 1124 matre
726 1075 800 1124 esse
824 1048 1045 1125 conflatum.
1099 1044 1236 1155 Oppi-

144 1171 303 1250 anicum
328 1194 476 1244 veneno
503 1189 681 1251 necatum
706 1196 804 1260 esse,
830 1171 936 1274 quod
951 1172 995 1246 ei
1021 1169 1161 1248 datum
1184 1172 1236 1249 sit

144 1294 187 1375 in
220 1308 320 1397 pane
352 1321 422 1397 per
459 1298 511 1369 Μ.
537 1295 722 1370 Asellium
747 1293 961 1397 quendam,
999 1294 1235 1372 familiarem

144 1417 268 1498 illius:
297 1415 416 1518 idque
440 1419 573 1496 Habiti
608 1419 765 1493 consilio
790 1418 935 1498 lactum
959 1440 1057 1509 esse,
1092 1417 1232 1495 dicitis.

144 1547 291 1644 Inque
316 1543 488 1647 primum
513 1539 614 1615 illud
640 1567 800 1643 quaero,
826 1567 926 1643 quae
951 1568 1061 1619 causa
1086 1542 1270 1619 Habitow

144 1662 282 1753 fuerit,
310 1690 383 1743 cur
406 1663 622 1739 interlicere
647 1663 909 1767 Oppianicum
933 1665 1056 1739 vellet
1095 1664 1233 1743 Inimi÷

145 1787 254 1868 citius
279 1787 384 1862 enim
408 1788 511 1863 inte'r
533 1787 632 1891 ipsos
655 1786 768 1863 fuisse
792 1787 995 1868 confiteors
1020 1785 1085 1863 sed
1107 1787 1233 1863 homi,

147 1933 213 1989 nes
239 1909 414 1988 inimicos
437 1936 523 1989 sues
547 1926 670 1984 morte
683 1907 784 1991 affici
799 1908 946 2000 volunt,
966 1929 1035 1987 aut
1051 1911 1160 2013 quod
1173 1938 1234 1993 eos

77 2067 133 2129 17⁰
147 2050 343 2122 metuunt,
385 2050 454 2106 aut
479 2030 586 2136 quod
610 2031 784 2111 oderunt.
849 2033 937 2128 Quo
973 2032 1130 2111 tandem
1165 2034 1234 2138 igi,

102 2137 104 2141 V
144 2173 210 2228 tur
245 2155 409 2234 Habitus
447 2175 554 2232 metu
590 2153 794 2246 adductus,
834 2174 989 2232 tantum
1025 2156 1069 2232 iu
1102 2182 1143 2236 se
1174 2158 1278 2235 fans

145 2281 257 2358 cinus
282 2281 471 2387 suscipere
496 2298 655 2363 cenatus
674 2282 751 2360 esti
774 2279 873 2383 quid
897 2299 998 2370 erat,
1023 2279 1235 2383 quodiam

146 2404 417 2508 Oppianicum,
434 2430 557 2510 poena
582 2404 762 2478 affectum
788 2431 859 2510 pro
884 2405 1082 2480 maleficiis
1104 2421 1145 2481 et
1160 2408 1235 2482 eie-

146 2547 299 2607 ctume
332 2527 484 2603 civitate
518 2527 724 2631 quisquam
757 2529 933 2603 timeret?
965 2526 1064 2630 quid
1088 2549 1237 2605 metue

145 2654 246 2730 batl·
280 2633 330 2734 ne
369 2670 659 2758 oppugnaretur
683 2679 705 2725 a
731 2651 906 2755 perditol
930 2678 982 2726 an
1008 2678 1058 2726 ne
1083 2679 1236 2728 accusa·

144 2797 255 2854 retur
279 2806 301 2853 a
327 2776 532 2853 damnato?
555 2805 607 2854 an
633 2803 682 2852 ne
706 2775 844 2851 exsulis
869 2775 1085 2853 testimonio
1110 2775 1279 2850 laedeas

44 2882 46 2887 ,
145 2904 278 2981 retur?
301 2904 368 2979 Sin
394 2923 537 2994 autem,
562 2900 668 3006 quod
683 2901 816 2978 oderat
834 2899 999 2974 Habitus
1017 2899 1234 2996 inimicum,

145 3025 287 3113 idcirco
319 3027 433 3103 illum
458 3026 536 3101 vita
567 3027 648 3101 frui
682 3025 829 3100 noluit:
857 3021 1001 3104 adeone
1026 3041 1109 3102 erat
1141 3025 1236 3103 stul,

226 3206 258 3275 d.
279 3207 398 3288 perhes
414 3229 510 3268 annos
551 3205 664 3275 ,13.v‚el
684 3205 767 3286 quud
787 3214 928 3277 metuunt
937 3249 950 3281 ,λ
967 3202 1017 3266 vel
1085 3202 1237 3282 iquale·

229 3291 304 3351 ficiis
325 3295 455 3352 eiectum
526 3306 574 3352 20.
596 3312 615 3349 a
634 3289 837 3357 condemnato
909 3308 961 3354 21.
982 3308 1043 3348 om.
1065 3287 1227 3348 inimicum

215 3437 239 3504 4.
258 3437 340 3490 hosce
358 3439 411 3492 ΑΒ
444 3436 494 3491 hue
512 3439 567 3493 lto
677 3439 702 3497 5,
723 3435 823 3490 habuit
845 3435 918 3489 ABb
936 3441 1040 3502 (corr)
1091 3438 1138 3504 ac]
1157 3439 1237 3499 auli

146 3514 263 3578 atqueq
300 3509 362 3568 et}
430 3507 579 3579 ac‘negetli
599 3522 682 3562 oin-e
782 3526 805 3578 7.
825 3505 863 3580 ei]
884 3506 991 3559 enim).
1095 3524 1120 3576 9.
1141 3505 1235 3630 iffiull

127 3586 129 3604 ¹
145 3578 232 3648 ipsius
251 3595 327 3651 qwu
339 3583 377 3644 βε
388 3599 402 3644 η
415 3581 455 3640 νξ
462 3598 477 3630 τ
547 3578 631 3651 idque
650 3596 701 3631 om.
720 3595 739 3628 α
864 3597 902 3631 12.
930 3579 1003 3630 inter
1021 3576 1094 3644 ipsos
1111 3594 1163 3633 om.
1179 3581 1205 3630 A

146 3645 552 3722 ipsos1e0sinopqrstuv
643 3652 682 3706 13.
708 3655 757 3707 aut
775 3645 1233 3720 ABbcdefgtiktmnwyee

147 3721 213 3783 ζης
304 3726 487 3789 utprstuv
571 3719 615 3770 vel
638 3719 780 3790 αικλμν
805 3720 921 3792 seqq.'
1002 3714 1233 3783 coecilii-ABE

149 3791 181 3855 ¹4
208 3795 256 3840 aut
276 3787 454 3857 Πγδεζης
494 3791 539 3841 vel
557 3789 617 3843 rell.
637 3788 697 3842 edd.
770 3791 987 3858 17.etelectum
1006 3788 1058 3841 AB
1111 3789 1232 3842 eiectum

146 3859 203 3916 Ro
279 3860 551 3931 tdqitid]quiBu
604 3856 1156 3932 19.nerraeterqw;dytl⁸ltef
1200 3865 1232 3919 ul

147 3928 418 4002 qwaiaetpveon
523 3928 787 3993 20.dnmuatoAB
831 3929 1088 3981 condemnatollo
1185 3946 1228 3980 αι.

147 4003 170 4052 si
188 3999 416 4133 ABdincimicum
433 3999 495 4055 add.
512 4002 584 4063 ΑΒΕ
684 4019 728 4059 22.
746 4008 775 4062 et
793 3999 896 4055 idcirco
918 3997 1230 4082 bedefgilslnepqt

147 4082 244 4123 tuwoe
279 4083 291 4120 ε
