2736 4696
207 240 280 316 206
614 231 861 295 ADNOTATto

202 416 286 505 quod
306 417 399 480 latere
423 417 457 478 in
485 414 609 500 uulgata
634 412 802 501 scripturas
839 413 878 476 de
910 413 1021 476 assecla
1052 413 1185 498 wodan»
1204 437 1293 480 servo

200 546 271 604 su03
304 545 382 608 quae
410 523 484 608 quid
512 525 570 588 sibi
594 525 686 603 velit,
713 545 776 587 non
807 521 962 604 intelligo:
990 523 1148 584 cmusnsm
1177 526 1293 588 usmeta

200 632 346 694 dicatur?
376 631 534 694 Sanisene
564 656 605 695 an
629 635 803 696 Stratonis?
851 640 882 692 et
906 631 976 712 quis
1000 629 1137 692 diceret:
1178 634 1294 697 assecla

200 741 334 825 quedam
359 747 485 803 servus?
505 771 545 790 ·-
566 741 686 802 Nomen
707 751 808 800 autem
826 734 1018 799 hauddubie
1041 757 1185 818 graecum
1204 749 1292 815 erat,

200 847 289 906 cuius
303 868 408 909 veram
426 849 555 910 formam
570 845 657 932 (nam
670 847 758 911 valde
771 848 886 908 incerta
898 852 943 906 est
958 863 1014 921 ea,
1029 832 1127 926 quam
1139 843 1292 926 dedimus)

188 955 341 1017 'nondum
356 956 493 1021 divinare
511 959 648 1040 contigit.

205 1113 207 1120 ·
286 1087 354 1165 ηδ,
378 1088 409 1151 5.
441 1102 474 1151 ut
496 1089 643 1165 arbitror,
671 1088 844 1146 moetorimte
868 1078 1081 1144 advocatorum
1103 1095 1134 1144 et
1158 1083 1195 1145 ni
1219 1097 1283 1146 tor-

200 1207 363 1256 mentorum
395 1191 535 1274 adducti]
568 1190 652 1252 Nihil
682 1191 714 1250 in
740 1191 789 1251 his
813 1188 1004 1250 novandum·
1021 1197 1086 1248 est:
1134 1189 1188 1249 sed
1218 1213 1291 1252 cum

200 1303 306 1362 ironia·
321 1303 378 1362 ista
404 1299 618 1382 proferuntur:
652 1318 723 1358 nam
742 1298 766 1358 si
789 1295 863 1378 quid
884 1295 1008 1356 miseros
1032 1291 1101 1354 illos
1127 1293 1167 1355 ad
1194 1299 1291 1358 conli-

200 1405 292 1466 tenda
321 1407 412 1465 etiam
440 1424 518 1487 qnae
542 1424 606 1479 non
633 1404 869 1479 commisissent,
905 1419 1084 1482 permovere
1117 1405 1288 1486 potuisset,

200 1508 371 1572 adduxisset
391 1522 474 1572 certe
500 1510 666 1590 mneritas*
684 1509 896 1570 advocatorum
925 1520 954 1567 et
978 1512 1025 1568 nis
1053 1511 1288 1572 tormentorum:

200 1639 295 1703 quum
316 1630 418 1681 tamen
440 1616 516 1682 nihil
537 1618 607 1679 fassi
631 1619 712 1695 sint,
738 1638 808 1678 cum
835 1617 943 1678 acerbo
966 1619 1030 1677 risu
1047 1615 1125 1697 illud
1146 1627 1289 1678 constan·

198 1727 260 1789 tiae
277 1747 398 1787 causam
422 1725 513 1786 fuisse
533 1724 606 1786 dicit
624 1736 745 1802 orator,
771 1725 854 1808 quod
880 1726 1005 1785 minime
1022 1744 1086 1785 esse
1106 1727 1224 1806 potuit,
1256 1735 1289 1786 et

198 1854 301 1895 veram
324 1854 465 1909 causam,
489 1853 581 1915 quam
601 1810 707 1914 sponte
728 1834 857 1916 quisque
874 1831 1081 1895 intellecturus
1098 1842 1183 1912 erat,
1212 1833 1287 1892 reti·

198 1953 258 2022 cet,
278 1940 469 2003 innocentiae
477 1940 707 2001 conscientiam.

285 2098 333 2140 12.
359 2070 520 2140 edversmi
541 2073 698 2160 aduocati]
721 2079 833 2160 Magno
855 2099 1002 2141 consensu
1024 2080 1156 2143 editores
1178 2102 1283 2145 omnes

178 2184 343 2250 carolum
360 2182 546 2270 Stephanum
568 2185 688 2266 sequuti
714 2196 802 2264 sunt,
835 2189 888 2268 qni
909 2190 1026 2268 primus
1055 2191 1193 2249 aversari
1219 2189 1283 2250 edi·

196 2295 243 2357 dit
260 2313 317 2376 pro
330 2312 376 2368 eo,
393 2292 476 2374 quod
496 2295 530 2353 in
549 2282 675 2354 vetustis
695 2294 763 2361 edd.
784 2293 956 2377 legebatur:
984 2298 1168 2377 adversarii.
1204 2298 1283 2359 Con-

196 2402 273 2464 cedo
294 2401 357 2463 hoe
380 2401 537 2462 ferendum
552 2422 614 2462 non
635 2402 743 2464 fuisse:
772 2425 827 2464 etrr
844 2415 945 2465 tamen
962 2404 1082 2488 longius
1105 2427 1124 2466 a
1137 2407 1284 2488 scriptura

196 2508 250 2572 llla
270 2528 422 2571 recessum
444 2520 510 2586 est,
540 2531 633 2594 quam
658 2532 735 2594 opus
760 2515 851 2572 erat?
876 2512 983 2574 Nonne
1009 2514 1081 2573 satis
1104 2512 1278 2590 videbatur,

197 2618 360 2680 udvocatos
384 2617 542 2680 aduersari
568 2618 600 2680 h.
617 2639 645 2680 e.
670 2618 797 2696 hortari,
812 2639 852 2679 ne
872 2617 955 2681 ultra
975 2626 1197 2703 quaereretur?
1221 2621 1283 2682 Cur

195 2730 344 2789 continuo
368 2730 506 2788 aversari
532 2746 582 2789 eos
600 2746 720 2790 necesse
742 2737 826 2804 erat,
856 2728 939 2811 quod
958 2728 1167 2790 vehementius
1185 2738 1282 2807 esset,

178 2852 291 2916 ·quam
308 2832 416 2917 ipsum
431 2831 526 2914 illud,
553 2829 636 2915 quod
657 2832 811 2914 sequitur:
837 2846 869 2905 et
891 2835 956 2896 tum
975 2837 1035 2896 vim
1049 2836 1140 2914 fine
1167 2839 1281 2919 posse?

196 2937 280 3002 Vera
320 2940 471 3024 scriptura
504 2960 526 3000 n
551 2936 640 2997 nobis
670 2950 790 3020 recepta
834 2939 944 3002 disens
974 2940 1081 3023 optimi
1112 2939 1282 3003 Florentini

197 3054 229 3109 et
256 3046 388 3109 alioruin
411 3047 543 3110 duorum
572 3048 750 3111 auctoritate
774 3047 932 3111 firmaturt
966 3045 1076 3130 reliqui
1091 3069 1212 3110 omnes
1247 3047 1278 3110 in

198 3157 411 3218 terminatim
432 3156 585 3216 aberrant.

285 3281 362 3361 126,
387 3301 436 3342 11.
464 3280 505 3366 Q
523 3281 660 3368 Metello]
692 3267 903 3363 Praenomen{
941 3283 1025 3367 quod
1052 3307 1071 3346 a
1102 3285 1190 3348 nullo
1212 3287 1278 3352 cod.

200 3390 301 3465 abest,
323 3388 458 3449 restitui:
476 3399 551 3448 'non
571 3389 640 3451 ideo
660 3392 822 3453 Hortensio
842 3410 963 3474 quoque
981 3410 1069 3451 suum
1092 3404 1158 3453 erat
1171 3392 1281 3455 adden·

198 3494 294 3573 dnm,
322 3491 410 3573 quod
435 3492 570 3556 Orellius
597 3496 771 3558 contendit.-
804 3504 877 3557 nam
906 3497 947 3575 Q.
974 3495 1136 3577 Metellus,
1167 3497 1281 3559 Consul

199 3618 272 3663 sum
264 3595 357 3664 685.
373 3619 394 3658 a
412 3599 450 3666 L
469 3599 611 3681 Metello,
636 3604 689 3686 qui
706 3603 877 3686 insequenti
904 3622 987 3664 anno
1009 3624 1080 3668 cum
1100 3605 1142 3683 Q
1164 3608 1279 3668 Marcio

197 3705 313 3769 Gonsol
328 3716 393 3767 emt
402 3706 660 3792 ,distinguendus
676 3719 751 3772 erat.

286 3855 361 3920 127,
395 3859 428 3920 7.
464 3859 506 3900 ex
538 3841 622 3900 omni
650 3853 744 3925 parte
777 3837 950 3923 densam]
995 3839 1102 3902 Invitis
1128 3841 1281 3904 codicibus

99 3937 104 3960 ¹
198 3943 310 4008 uostris
324 3936 403 4004 hmo
423 3945 604 4026 scripturam
626 3967 661 4007 eu
682 3946 838 4007 Prisciani>
857 3947 990 4028 recipere
1008 3950 1213 4011 necessarium
1236 3951 1281 4010 vi·

199 4046 347 4112 omanus
370 4072 413 4114 ex
430 4051 621 4136 ormi-parte
641 4050 774 4114 demum
794 4048 880 4114 nullo
900 4061 1081 4117 sensusne
1101 4054 1280 4128 Ernestium
