2736 4696
143 256 213 352 {56
408 266 413 277 ·
559 266 802 333 Annorauo

142 454 159 485 ¹'
228 447 275 514 ιθ.
298 465 327 513 et
345 451 393 512 M.
410 445 496 514 ‘illim
510 455 600 515 Auni
608 457 867 542 'perpropinqumt
889 452 934 514 cic
947 454 1061 537 optime
1074 451 1227 513 dederunt

139 558 235 625 Taur.
248 559 465 643 Palimpsestus
478 573 509 623 et
519 563 650 644 optimus
657 563 866 624 Florentiuus:
889 584 962 624 nam
981 557 1226 644 omnes-quidem

139 648 232 727 durii
256 655 527 750 propinqui-erant
547 667 627 730 illius
649 671 695 730 Μ.
720 669 829 730 Aurii:
862 669 914 731 sed
944 667 1118 730 Aulus-iste
1154 684 1227 746 pro-

136 776 207 854 pter
229 754 341 836 arctius
354 768 593 858 ¹propinquitatis
613 777 769 838 vinculum
789 778 966 858 graviorem·
979 794 1102 836 causam
1128 772 1227 833 habe-

137 874 215 954 bat,
232 893 311 941 'cur
332 882 460 942 maxime
489 893 741 943 commoveretur.
784 883 861 942 Erat
881 893 1000 958 autem,
1025 883 1085 941 nisi
1107 883 1227 962 egregie

139 987 251 1068 fallor,
270 989 320 1050 hic
342 988 384 1051 Α.’
403 984 544 1068 durius,¹
557 992 611 1072 qui
628 991 748 1052 fortiter
770 991 938 1076 Oppianico
965 989 1096 1078 resistit,
1122 987 1227 1049 nullm

137 1093 214 1156 alius
240 1116 333 1177 quam
363 1095 494 1160 Melinus
521 1097 598 1176 ille‚·
630 1101 684 1181 qui
707 1121 734 1164 c.
757 1098 795 1160 5.
838 1097 1016 1158 Cluentiam
1041 1097 1178 1177 primum
1194 1105 1226 1156 et

137 1210 203 1263 tum
239 1203 372 1265 divortio
391 1201 471 1264 facto
493 1224 563 1263 cum
585 1225 644 1281 ea,
664 1205 796 1266 Sassiam
816 1214 948 1267 matrem
964 1201 1029 1263 cius
1052 1202 1086 1261 in
1116 1201 1227 1263 matri-

138 1313 276 1372 monium
297 1312 435 1374 duxerat.
469 1313 574 1391 Quum
598 1314 680 1376 enim
708 1335 735 1374 c.
767 1335 797 1396 9.
818 1315 863 1375 in.
888 1312 1078 1393 Oppianicus
1111 1308 1227 1381 diserte

137 1416 225 1478 illurn
244 1419 361 1480 Sassiae
378 1421 481 1487 virum
499 1420 643 1483 occidisse
663 1419 803 1493 dicatur,
825 1430 890 1481 erat
915 1417 998 1478 haud
1030 1415 1123 1476 dubie
1147 1435 1229 1475 unus

137 1544 174 1584 er
195 1524 323 1605 dumis,
358 1546 491 1608 quorum
519 1525 624 1587 caedes
644 1525 678 1586 h.
703 1524 725 1585 l.
745 1535 898 1586 narratur.
922 1522 1020 1605 Atqui
1043 1522 1126 1583 alter
1158 1520 1227 1581 Au-

139 1631 222 1708 rioa‚·
242 1627 329 1715 pater
348 1633 384 1699 C.
405 1634 513 1708 Annii,
536 1634 589 1715 qui
613 1654 682 1694 mox
710 1643 904 1710 memoratur,
940 1651 1004 1690 uon
1035 1630 1137 1710 potuit
1166 1628 1227 1689 dici

135 1739 303 1801 adolescens
337 1741 477 1824 inprimis
504 1743 639 1801 honestus
665 1753 694 1800 et
722 1741 865 1818 nobilis„
884 1760 979 1821 quum
1007 1740 1071 1819 ipse
1098 1736 1228 1798 haberet

135 1845 233 1917 filium
262 1846 440 1924 robustum3
477 1847 539 1906 eius
569 1844 650 1906 filius
683 1857 785 1906 autem
813 1846 848 1906 C.
871 1846 1063 1922 nominatur,
1094 1843 1229 1904 Melmus

134 1951 186 2015 ille
206 1951 247 2018 A.
270 1953 374 2014 Restat
393 1955 485 2036 igitur
515 1954 622 2014 unicus
649 1966 750 2015 noster
778 1951 819 2015 Α.
848 1952 971 2029 Aurius,
996 1953 1048 2009 vir
1061 1952 1166 2028 sortis
1199 1965 1230 2012 et

135 2057 313 2139 experiens,
335 2062 405 2145 qui,
428 2061 566 2143 quamvis
586 2059 676 2121 fuerit
705 2057 878 2119 adolescens
900 2056 932 2116 h.
960 2077 990 2116 e.
1010 2057 1138 2138 triginta
1160 2059 1229 2145 *sere

135 2174 189 2224 aut
207 2165 405 2249 quadraginta
425 2187 588 2245 annorum,
600 2167 756 2227 commode
778 2167 819 2226 sic
841 2164 988 2245 designari
1009 2165 1118 2245 potuit.
1134 2165 1228 2261 ¹Nam

134 2258 212 2333 illud
233 2294 297 2333 non
316 2272 415 2349 video,
426 2293 486 2355 quo
508 2274 573 2333 iure
593 2277 761 2355 suspicetur
781 2273 902 2355 Sylvius
926 2273 1060 2332 Aurium
1078 2256 1228 2333 Melinum

135 2379 195 2453 alia
227 2381 330 2440 nescio
370 2402 431 2463 qua
459 2384 614 2442 occasione
643 2380 683 2440 ab
718 2381 889 2462 Oppianico
917 2380 1112 2441 interiectum
1150 2399 1224 2451 esse,

135 2487 260 2570 eiusque
286 2487 416 2575 [eaedem
440 2471 475 2550 in
508 2489 682 2551 transcursu
717 2490 882 2568 nominari,
912 2498 947 2549 ut
967 2499 1075 2572 putent
1097 2476 1223 2560 iudices,

111 2658 115 2666 ,
135 2588 233 2656 multa
258 2595 339 2658 illius
360 2574 487 2658 crimina
508 2600 526 2659 a'
546 2600 691 2660 Cicerone
711 2601 919 2681 praetermitti.
944 2574 947 2587 Ι

221 2723 268 2786 17.
288 2696 386 2764 nmltis
407 2703 604 2788 mediantibus]
647 2705 714 2766 Non
734 2705 841 2765 inutile
860 2702 1057 2780 videtursad
1084 2714 1224 2764 naturam

135 2808 288 2890 codicum,
310 2813 422 2894 quibus
443 2798 605 2897 magnoin
626 2814 738 2897 vulgus
759 2813 831 2874 fides
851 2813 991 2885 habetur.
1024 2824 1108 2875 recte
1137 2814 1224 2875 aesti-

135 2917 292 2997 mandam,
315 2940 450 2993 monere,
472 2923 551 2980 inter
571 2908 681 2994 omnis,
703 2917 871 3001 dequibus
895 2929 1010 2979 certum
1034 2916 1152 3002 aliquid
1172 2916 1223 2979 ad·'

136 3002 262 3084 notatur
282 3024 315 3084 h.
336 3023 359 3085 l.
384 3023 568 3085 vocabulum
583 3027 698 3102 'multis
721 3026 760 3087 de
780 3047 841 3108 quo
854 3047 944 3086 nemo
958 3026 1102 3088 dubitare
1116 3039 1219 3110 potest,

136 3130 257 3190 nonnisi
299 3132 332 3191 in
354 3131 483 3193 'duobus
521 3133 643 3214 optimis
675 3133 785 3193 nostris
814 3142 843 3192 et
878 3132 910 3191 in
943 3132 1003 3214 pa'l.
1042 3133 1220 3196 Taurineusi

136 3257 290 3319 apparere.

223 3364 279 3426 19,
312 3345 344 3406 3.
376 3347 558 3427 tenebantur]
612 3346 678 3408 Hoc
707 3349 796 3409 unice
826 3367 932 3408 verum
953 3357 1019 3423 est,
1050 3356 1113 3407 non
1136 3346 1217 3421 illud,

136 3447 218 3531 quod
253 3448 345 3538 vulgo
372 3449 503 3532 legitur,
540 3454 750 3514 terrebantur:
787 3474 859 3512 nam
880 3475 942 3513 non
972 3452 1071 3514 solum
1093 3453 1218 3514 terrendi

137 3563 223 3614 erant
243 3557 415 3631 ceteri‚'sed
436 3558 480 3637 id,
502 3560 585 3641 quod
604 3563 733 3621 maxime
753 3561 940 3642 Oppianicus
961 3561 1080 3642 agebat,
1108 3542 1217 3622 tenendi

136 3659 169 3723 h.
191 3680 219 3720 e.
245 3660 363 3721 silentio
385 3665 553 3745 premendi,
574 3687 614 3725 ne
635 3669 703 3748 quis
726 3687 795 3726 eum
817 3666 964 3738 interfecti
986 3669 1031 3727 M.
1062 3667 1216 3728 Auriiac·
1255 3692 1266 3747 «ᾗ

136 3788 242 3828 cusanc
275 3770 411 3832 auderet.
465 3773 551 3852 Quae
582 3776 660 3835 ratio
681 3751 721 3834 ut¹
741 3773 832 3856 plane
849 3777 1048 3857 perspiciatur
1064 3796 1091 3852 ,·
1114 3778 1214 3860 itaque.
1264 3754 1266 3765 Ι

137 3876 220 3959 quod
252 3878 339 3938 initio
367 3878 458 3941 huius
488 3883 653 3944 sententiae
672 3883 801 3965 positum
824 3893 888 3958 est,
911 3903 980 3942 uon*
995 3904 1051 3962 pro
1077 3879 1214 3964 particula

136 3983 311 4046 conclusiva
324 4007 339 4017 ⁴·
355 3983 531 4046 habendum
570 3997 641 4066 eet,
675 3988 727 4048 sed
744 4010 816 4071 *pro
850 3990 1017 4070 composita
1057 4012 1094 4052 ex
1121 4001 1215 4071 atqve

137 4092 195 4152 ita.
1207 4092 1213 4105 “
