2736 4696
137 420 159 458 *
182 421 223 484 Ρ.
237 443 291 507 97,
315 441 364 485 11.
389 435 441 486 ortt
457 438 654 511 patronorum
839 449 876 490 ao
890 440 1088 511 patronomm

177 555 293 634 λ1108,
331 556 363 623 6.
382 559 574 621 concludamr
591 557 707 637 (anter)
841 559 1012 623 includant

138 686 159 724 *
189 713 204 744 n
228 688 297 764 115,
331 690 363 751 ὅ.
380 694 536 776 potuerint
604 697 606 701 ’
831 706 993 779 potuemnt

137 816 158 855 ³¹¹
184 845 199 874 a
221 819 291 901 116,
323 844 354 905 7.
373 845 394 884 o
413 827 568 888 sectoribus
824 784 874 888 lde
890 824 1043 887 sectoribus

139 955 161 1023 †
193 977 208 1007 11
239 985 292 1032 -,
321 974 370 1038 17.
395 954 537 1040 hospitem
831 955 981 1040 hospitem

140 1078 159 1118 *
193 1103 298 1163 1111,
335 1081 366 1150 5.
386 1084 541 1168 adspicere
833 1085 1002 1171 respicere*

183 1234 200 1268 a
222 1213 289 1288 123,
312 1233 361 1274 ro.
383 1214 422 1289 L.
445 1214 614 1298 Quinetiam
836 1213 872 1276 0.
899 1214 1090 1299 Quinctilium

138 1341 158 1379 *
186 1343 290 1420 1118,
311 1367 358 1413 11.
378 1360 539 1410 ceterorum
828 1361 863 1410 'et
880 1361 1040 1412 ceterorum

184 1502 200 1533 s
222 1478 357 1561 132,17.
382 1479 426 1540 A.
449 1479 579 1543 Aureum

186 1607 292 1688 2133,
309 1629 358 1670 12.
381 1622 471 1695 atque
833 1629 873 1673 ac

139 1733 158 1767 ¹¹
189 1735 297 1819 2134,
337 1760 365 1801 1.
386 1751 475 1802 antea
833 1752 901 1802 mate

226 2004 283 2068 His
306 2009 475 2072 rationibus
496 2011 568 2072 satis
588 2010 774 2093 ponderatis,
795 2027 890 2095 quum
909 1988 1232 2093 praestantissimorum

141 2136 284 2200 codicum
317 2137 390 2200 fides
424 2141 468 2201 ita
496 2140 536 2203 ab
563 2143 646 2202 omni
669 2152 755 2224 parte
775 2141 894 2202 firmata
913 2161 977 2202 esse
996 2139 1174 2222 videretur,
1190 2150 1231 2204 'ut

139 2271 348 2333 recensionem
371 2292 499 2351 eorum,
527 2283 675 2354 quantum
696 2272 762 2334 fieri
782 2282 900 2355 posset,
921 2269 1069 2354 integram
1090 2269 1232 2332 exhibere

140 2401 375 2463 constituerem:
397 2401 493 2463 nihilo
517 2403 619 2464 minus
638 2414 741 2464 tamen
763 2404 855 2464 etiam
875 2399 1016 2485 vulgatae
1035 2384 1231 2484 recensionis,

141 2530 243 2615 qualis
261 2523 293 2592 in
307 2530 461 2592 codicibus
477 2542 507 2592 et
519 2530 702 2593 editionibus
719 2530 854 2614 apparet,
875 2522 997 2614 plenam
1011 2542 1042 2593 et
1059 2541 1232 2594 accuratam

144 2663 289 2725 notitiam
318 2662 441 2746 adipisci
467 2662 556 2726 valde
591 2664 770 2746 cupiebam,
805 2674 841 2725 ut
866 2662 1063 2746 comparandi
1090 2674 1122 2727 et
1148 2661 1230 2724 iudi-

137 2794 230 2858 candi
258 2793 372 2878 ubique
403 2803 480 2855 esset
509 2790 618 2855 idonea
652 2796 750 2878 copia.
792 2793 834 2855 Et
862 2793 942 2855 hanc
961 2814 1085 2877 quoque
1102 2793 1142 2856 ad
1163 2813 1231 2856 rem

137 2928 212 2991 satis
228 2927 329 3010 ampla
350 2927 485 2989 subsidia
506 2937 612 2988 nactus
633 2949 712 2989 sum.
752 2927 830 2990 Nam
853 2927 988 3010 primum
1010 2929 1095 3013 quod
1115 2929 1162 2992 ad·
1175 2935 1229 2993 coi·

138 3060 223 3123 dices
254 3063 382 3142 attinet,
410 3061 450 3124 ad
477 3083 548 3123 eum
574 3072 775 3145 apparatum,
806 3083 898 3147 quem
925 3085 961 3127 ex
990 3065 1078 3128 editis
1098 3065 1229 3128 aliorum

138 3191 351 3255 collationibus
374 3192 514 3277 colligere
533 3192 641 3274 licuit,
661 3195 721 3256 hoc
740 3205 810 3275 est,
829 3193 869 3256 ad
891 3169 1070 3259 varietatem
1089 3197 1227 3262 lectionis

137 3334 210 3386 octo
228 3323 438 3386 Palatinorum
458 3348 477 3386 a
497 3328 629 3389 Grutero
649 3326 833 3410 negligenter
854 3304 1074 3415 excerptorum,
1095 3329 1227 3397 duorum

137 3455 280 3520 codicum
307 3454 449 3532 Francii,
482 3477 560 3540 qnos
590 3459 737 3520 Graevius
764 3458 915 3536 contulit,
937 3460 1104 3544 Regiorum
1125 3464 1226 3528 Lalte

136 3589 278 3671 mandii,
307 3610 439 3679 quornm
458 3608 604 3650 nomenis
622 3589 755 3650 incertus
775 3599 841 3671 est,
874 3599 906 3651 et
933 3610 984 3653 sex
1005 3592 1226 3657 Oxoniensium'

135 3720 232 3805 paulo
252 3720 423 3805 diligentius
443 3724 657 3805 inspectorum,
679 3722 802 3782 accessit
822 3719 953 3783 sedecim
974 3714 1226 3788 Florentinorum

134 3849 288 3929 codicum,
312 3864 431 3936 praeter
463 3851 629 3934 principem
648 3849 747 3927 illum,
769 3853 1034 3937 aLagomarsinio
1061 3853 1225 3918 accuratis·
1285 3885 1287 3890 ’

135 3985 214 4048 sime
232 3985 370 4050 institute
387 3967 575 4065 collatio,et
604 3983 701 4046 unius
715 3981 923 4067 Monacensis,
954 4007 1046 4069 quem
1066 4005 1128 4047 nna
1153 3987 1225 4048 curti
1253 3965 1254 3968 Ἴ
