2736 4696
166 264 235 348 168
575 255 827 318 snsomrm

162 441 268 522 quavis
282 458 371 500 causa
386 437 545 499 excusandi
562 442 686 521 gratlaa
701 441 808 521 quovis
822 449 997 500 accusatore
1010 439 1072 500 dici
1079 441 1250 520 potuissete

122 523 125 529 Ι
160 565 263 604 verum
283 548 416 605 crimen!
457 544 517 604 Sed
539 565 630 605 unum
652 547 783 622 crimen,
809 566 887 626 quae
909 556 953 605 est
971 541 1112 606 constans
1150 547 1249 609 libro-

159 673 229 712 rum
253 656 421 736 scriptura,
444 653 512 714 ideo
534 653 573 713 ab
594 653 755 730 omnibus,
776 665 940 736 praeeunte
959 653 1084 737 sylvio,
1104 655 1251 736 repudia-

158 772 225 820 tum
242 782 319 822 *esse
347 762 493 840 videtur,
531 764 677 844 quoniam
708 762 789 821 idem
820 764 860 822 sit
889 783 961 824 cum
985 782 1076 823 cansa
1103 764 1245 847 simplici,

158 890 237 951 quae
259 869 351 935 modo
372 868 454 929 dicta
474 879 564 929 erat:
588 869 670 951 quod
690 891 798 931 verum
819 891 881 930 non
901 881 958 930 est.
1005 869 1094 931 'Nam
1113 871 1248 954 simplex

156 964 246 1037 consa
267 976 306 1037 ad
321 977 470 1037 rationem
492 978 631 1051 actionis,
653 996 732 1057 quae
754 977 784 1036 in
806 976 918 1037 iudicio
940 975 1126 1058 adhibetur,
1150 999 1249 1039 rmum

155 1087 266 1145 crimen
285 1085 324 1144 ad
347 1105 395 1145 res
416 1094 539 1165 spectat,
549 1082 588 1142 de
608 1081 719 1163 quibus
750 1084 862 1164 agitur,
883 1083 981 1142 itaut
1004 1081 1130 1163 simplex
1154 1103 1248 1145 cause

155 1211 221 1269 esse
241 1191 357 1273 possit,
388 1191 478 1250 etiam
499 1188 553 1249 ubi
573 1185 662 1270 plura
682 1189 810 1248 crimina
832 1188 1017 1265 deferantur,
1038 1188 1130 1249 modo
1152 1180 1248 1252 testes

154 1308 185 1358 et
213 1308 388 1379 argumenta
417 1297 448 1357 in
476 1306 622 1379 promptu
652 1296 731 1374 sint3
768 1305 876 1356 contra
900 1296 932 1355 in
951 1317 1009 1356 mm
1032 1298 1160 1358 crimine
1180 1319 1247 1367 non

153 1428 224 1466 raro
258 1405 399 1488 impedita
434 1426 524 1465 causa
555 1414 709 1466 versetur:
744 1401 802 1463 hac
831 1405 863 1464 in
885 1424 975 1463 causa
994 1425 1092 1463 unum
1113 1405 1242 1486 crimen,

154 1513 237 1596 quod
266 1515 434 1595 expositum
462 1523 529 1585 est,
565 1533 635 1572 oum
659 1511 782 1571 testium
808 1521 838 1570 et
871 1522 1119 1593 argumentorum
1153 1513 1245 1593 copia

153 1620 317 1702 agebatur}
339 1618 437 1679 tribus
458 1617 569 1691 verbis,
591 1629 628 1678 ut
648 1619 749 1677 statim
767 1615 841 1676 dicit
859 1627 975 1698 orator,
989 1627 1164 1686 accusatum
1183 1627 1244 1689 ests

150 1751 296 1790 venenum
316 1749 375 1789 esse
393 1728 613 1810 deprehensum.

235 1834 291 1909 56,
329 1855 379 1894 21.
409 1835 528 1892 etiamsi
553 1835 585 1892 in
605 1835 646 1883 -‘
665 1832 837 1916 defuissem]
880 1834 949 1896 Non
971 1833 1102 1896 debebat
1120 1847 1241 1898 tentare

153 1939 289 2000 Orellius
317 1939 418 1999 locum
452 1939 642 1999 sanissimum
673 1939 773 2013 inutili
794 1942 985 2004 coniectura:
1026 1948 1120 2006 etiam
1141 1949 1176 2008 in
1197 1972 1240 2006 ·-..

149 2050 286 2128 defuisse.
311 2047 368 2109 Est
388 2037 447 2107 hoc
467 2049 631 2131 elegantiae
652 2054 812 2128 oratoriae,
833 2052 1037 2113 universalem
1058 2057 1240 2120 sententiam

149 2157 296 2240 singulari
323 2180 414 2220 causa
445 2162 584 2241 quamvis
612 2179 683 2219 cum
704 2160 805 2248 aliqua
832 2160 1017 2221 confusionis
1044 2162 1145 2244 specie
1167 2184 1241 2245 pnoe

147 2261 233 2323 bare.
276 2265 402 2326 Inversa
422 2254 551 2344 ratione,
571 2265 624 2327 sed
646 2287 682 2325 ex
702 2253 807 2327 eadem
835 2269 1066 2348 permutationis
1102 2271 1237 2352 licentia,

148 2389 277 2431 acausa
305 2372 449 2454 singulari
468 2373 508 2432 ad
540 2373 741 2436 universalem
761 2378 940 2436 sententiam
961 2378 1107 2439 transitus
1122 2379 1158 2440 fit
1182 2401 1238 2462 pro

146 2479 230 2540 Mur.
251 2501 278 2539 c.
302 2478 334 2558 4.
357 2478 397 2541 8:
437 2481 535 2565 Quum
560 2483 702 2564 praemia
729 2483 805 2540 mint
821 2495 906 2542 tanta
921 2503 980 2566 pro
1009 2485 1066 2543 tae
1090 2485 1237 2548 industrie
1289 2555 1291 2559 ἲ

145 2588 205 2646 sint
229 2587 326 2659 data,
362 2600 474 2671 quanta
495 2601 584 2648 anteo
611 2589 748 2664 nemini5
776 2589 905 2670 labores,
929 2611 990 2674 per
1013 2611 1089 2676 qnos
1118 2614 1157 2656 ea
1188 2617 1235 2658 cea

140 2698 252 2779 peris,
279 2716 370 2780 quum
397 2696 520 2781 adeptus
540 2700 601 2783 ’st's²
627 2697 785 2782 deponere,
806 2712 880 2760 esset
903 2699 1030 2763 hominis
1049 2715 1081 2762 et
1099 2705 1192 2766 asmti
1208 2717 1236 2766 et

143 2783 265 2885 ingrati.
454 2790 456 2798 l
616 2817 621 2827 '
663 2795 665 2799 ἲ

228 2911 280 2975 25.
299 2916 382 2999 qnod
397 2915 499 2976 timide
524 2915 644 3001 dicam]
687 2918 770 2979 Haec
791 2940 852 2978 non
873 2918 1037 2979 modestiae
1057 2939 1168 2996 causa,
1199 2931 1233 2982 ut

142 3019 264 3103 Sylvius
301 3025 545 3103 interpretatur,
585 3023 693 3082 Cicero
735 3023 856 3103 adiecit,
891 3024 944 3083 sed
979 3025 1062 3105 quod
1100 3027 1134 3086 in
1170 3037 1233 3092 tam

140 3130 224 3209 turpi
260 3150 351 3190 causa
385 3130 435 3206 vix
474 3131 637 3205 honestum
670 3104 864 3208 videbatur,
898 3141 1019 3195 tantum
1050 3155 1070 3203 a
1103 3156 1137 3199 se
1171 3154 1233 3198 esse

140 3240 332 3318 praestitum.
787 3248 790 3253 ⁴

147 3330 150 3335 ’
225 3347 287 3428 37,
311 3368 343 3429 9.
371 3335 513 3405 venturo'
521 3344 637 3428 fnisse]
674 3345 723 3406 Sic
750 3347 890 3428 rescripsi
919 3366 989 3407 oum
1018 3344 1056 3406 A·
1069 3357 1101 3407 et
1128 3347 1232 3429 epm

125 3452 222 3536 'vulg
252 3468 381 3515 ventura
413 3477 489 3514 esse:
526 3457 713 3514 necessario:
744 3476 816 3514 nam
845 3453 1016 3515 Cannutius
1046 3454 1078 3513 in
1103 3474 1232 3526 ‚accusas

99 3631 112 3658 k
137 3562 221 3621 tione
250 3561 427 3622 Scamandri
462 3583 497 3623 ea
526 3549 665 3639 tantdm,
701 3584 779 3644 quae
804 3563 936 3644 perfecto
965 3561 1083 3621 nefario
1103 3561 1232 3633 consilio

137 3667 217 3728 facta
247 3667 369 3742 forent,
415 3689 654 3730 commemorare
691 3672 810 3751 potuit,
840 3680 870 3728 et
890 3671 929 3727 in*
951 3670 1016 3749 ipsa
1050 3670 1231 3750 repetitione

136 3776 304 3838 eorundem
324 3778 501 3855 verborum,
512 3801 590 3860 quae
610 3779 703 3839 modo
724 3777 763 3839 ad
784 3777 987 3849 excusandum
997 3774 1118 3860 prolata
1131 3788 1231 3858 erant,

134 3883 302 3972 ludibrium
325 3883 479 3964 quoddam
501 3883 589 3944 inest·

218 3989 283 4067 38,
307 4015 338 4074 7.
363 4004 424 4050 tota
445 3992 644 4074 aestuatione]
681 3993 815 4073 Optimis
835 3995 948 4054 nostris
968 3989 1056 4052 codd.
1076 3992 1229 4076 egregiam

132 4079 225 4172 huius
248 4094 307 4158 loci
328 4097 571 4172 emendationem
593 4097 758 4182 debemus:
782 4098 875 4192 vulgo
896 4112 926 4160 et
945 4097 1130 4184 addebatur,
1144 4101 1228 4185 quasi
1276 4171 1279 4178 ¹
