2736 4696
481 268 693 332 carrica.
875 277 880 288 ’
1079 260 1146 342 ι55
1261 255 1265 264 ’

58 453 92 514 in
115 454 284 537 municipio
309 453 460 538 Appuliae
483 456 774 538 quadringentorum
793 448 924 511 millium
945 445 996 509 Hs
1016 445 1148 528 legatum

58 557 112 641 (h.
135 581 165 620 e.
181 560 290 643 viginti
310 561 439 623 millium
461 558 776 639 serethalerorum)et
795 575 916 617 omnem
925 553 1016 613 fidem
1028 561 1149 634 superet

57 663 159 724 decies
180 675 378 727 centenorum
396 664 526 727 millium
540 665 589 726 HS
604 684 733 740 summa,
748 682 826 744 quae
839 662 872 722 in
885 659 1036 742 plerisque
1055 656 1146 718 codd.

57 771 256 851 conspicitur.
275 771 368 847 Quod
393 771 484 853 vulgo
506 771 536 830 in
558 771 642 847 edd,
664 770 756 829 etiam
774 768 964 844 Emessam,
976 764 1146 853 legebatur.

58 885 287 950 CCGCDOOO
328 887 429 946 millia
463 884 552 968 plane
580 883 744 946 ridiculum
776 893 846 960 est:
872 902 944 943 nam
970 879 1060 946 efficit
1087 878 1147 941 hoo

56 986 214 1076 ingentem
246 1015 395 1056 summam
429 994 527 1054 decies
561 1004 757 1054 centenorum
785 989 980 1053 millenorum
1015 987 1145 1059 millium

54 1102 276 1162 sestertiorum.
302 1135 342 1150 ·-
365 1101 506 1162 Ceterum
528 1101 712 1174 notandum,
744 1097 850 1181 siglam
870 1097 973 1174 illam,
1003 1117 1081 1178 quae
1112 1097 1146 1156 in

54 1207 162 1269 multis
183 1209 272 1270 MSS.
291 1220 441 1292 apparet:
463 1208 655 1269 CCCCLllll
678 1206 754 1268 nihil
774 1205 858 1268 aliud
870 1203 1143 1289 significarequam

58 1325 253 1389 usitatiorem
273 1324 373 1387 hanc:
397 1325 639 1390 ccccmono:
661 1336 706 1386 est
726 1325 801 1386 haec
822 1323 894 1384 satis
914 1322 1039 1402 antiqua
1067 1320 1144 1380 scri·

54 1432 151 1495 beodi
170 1437 273 1510 ratio,
296 1445 330 1495 ut
350 1434 417 1493 CLI
439 1434 519 1494 idem
539 1434 638 1496 valeat
664 1432 748 1515 quod
767 1431 856 1506 cm,
889 1439 920 1492 ct
950 1425 1145 1508 decemplicis

54 1539 128 1598 inde
147 1537 317 1600 efficiantur
337 1539 516 1620 opponendo
537 1561 570 1598 ex
592 1538 686 1599 altera
707 1548 794 1620 parte
810 1538 896 1618 signo
908 1535 946 1613 C,
963 1556 998 1595 ex
1006 1534 1100 1595 altera
1114 1535 1144 1595 1.

54 1648 177 1707 Monuit
197 1645 256 1707 hoc
278 1647 425 1707 Gruterus
446 1647 485 1706 ad
505 1649 594 1711 Verr.
617 1647 657 1711 ΙΙ.
680 1668 709 1706 c.
732 1644 782 1728 59.
803 1654 871 1726 post
892 1643 1029 1705 Pierium
1050 1638 1143 1703 Velen

54 1751 133 1812 riam
156 1749 358 1834 Hieroglyph.
382 1751 546 1813 XXXVII.
568 1774 598 1835 p.
619 1749 690 1833 274.
718 1747 765 1814 ed.
786 1751 856 1810 Bas.
878 1773 907 1810 a.
936 1747 1027 1811 1556.

142 1911 198 1971 17,
226 1913 251 1955 r.
274 1892 321 1950 liis
345 1891 447 1952 diebus
461 1890 578 1977 parteis]
631 1893 787 1952 Immerito
819 1891 1022 1954 abErnestio
1045 1893 1141 1954 bisin

57 1995 256 2079 suspicionem
286 2009 426 2067 vocatum
447 2008 511 2058 est:
535 2000 718 2059 Garatonius
738 1998 829 2060 huius
852 1997 991 2060 dictionis
1022 2020 1143 2061 sensum

58 2101 133 2164 bene
151 2100 340 2187 explanavit:
362 2105 464 2189 aliquo
484 2125 527 2164 em
538 2108 649 2190 paucis
661 2127 764 2166 cortem
783 2107 919 2180 dierum,
941 2109 1069 2192 quitum
1089 2109 1142 2169 de·

60 2212 228 2272 narrabant.
250 2210 307 2272 Est
324 2209 408 2272 locus
431 2211 601 2273 simillimus
627 2213 707 2274 infra
727 2236 754 2302 c.
779 2216 829 2298 39.
855 2213 921 2276 108.
944 2218 1055 2302 paucis
1074 2218 1140 2278 die·
1167 2283 1169 2289 ,

57 2317 178 2378 basillis
202 2321 265 2404 ipse
285 2323 430 2404 privatus
442 2321 549 2401 focan
572 2334 624 2381 est.
681 2322 730 2382 Sic
761 2334 862 2384 antem
883 2345 1050 2405 pronomen
1079 2327 1138 2405 lis,

57 2447 112 2509 quo
143 2449 193 2488 res
221 2431 384 2511 praeterita
409 2431 496 2509 quasi
515 2430 556 2490 ob
583 2430 687 2492 oculos
707 2437 842 2514 ponitur,
864 2455 927 2494 nou
948 2436 1049 2493 minus
1070 2442 1139 2515 apte

57 2546 235 2619 usurpatur,
266 2557 359 2619 quam
389 2538 441 2618 iis,
461 2537 543 2621 quod
563 2539 728 2600 Garatonio
748 2539 887 2624 placebat
907 2550 937 2602 et
956 2539 995 2600 ab
1020 2536 1142 2602 Orellio'

56 2656 205 2728 receptum
222 2655 277 2706 est.

132 2772 164 2832 3.
188 2771 409 2856 vestigandam]
429 2772 512 2858 vulg.
534 2775 798 2856 investigandum:
821 2771 987 2858 simplicem
1004 2773 1137 2836 formam

54 2895 84 2937 ex
104 2878 229 2960 optimis
250 2878 339 2940 codd.
370 2881 580 2964 praetulimus,
605 2883 752 2942 rariorem
785 2880 885 2960 illam,
919 2881 971 2942 sed
991 2901 1055 2941 non
1075 2862 1139 2940 mi?

51 3003 106 3046 nus
140 2985 295 3068 probam:
318 2986 380 3054 vid.
413 2988 452 3049 de
487 2990 576 3051 Orat.
610 2990 652 3050 ll.
678 3013 707 3052 c.
729 2991 779 3076 39.
807 2989 883 3053 166:
905 2990 1015 3050 calecas
1035 3007 1136 3048 rerum

50 3092 269 3174 vestigabimus.
291 3093 348 3154 111.
370 3115 399 3155 c.
422 3096 474 3176 23,
499 3093 559 3157 88:
581 3097 714 3182 aliquid,
735 3097 817 3182 quod
833 3118 899 3159 cum
917 3096 1069 3158 desidiosa
1082 3095 1135 3157 de·

49 3199 204 3263 acutione
217 3202 350 3284 vestiges.

53 3354 56 3359 ·
132 3346 181 3390 12.
201 3327 285 3391 illius
302 3327 497 3389 adolescentis
515 3351 636 3414 :reosque
655 3329 852 3413 necessarios]
890 3329 981 3411 vulgo
1004 3327 1134 3411 propin·

46 3433 249 3517 quosadditur
256 3447 326 3517 post
339 3437 546 3516 adolescentis,
557 3438 640 3519 quod
653 3439 746 3497 trium
757 3441 944 3519 optimorum
962 3435 1051 3502 codd.
1060 3457 1136 3501 cou-,
1215 3509 1217 3517 y

48 3563 168 3603 sensum
197 3546 316 3625 sequuti
337 3542 523 3607 delevimus:
557 3567 744 3628 namquum
766 3549 821 3627 ipsi
843 3546 910 3623 illi,
932 3547 1037 3627 quiin
1059 3545 1134 3606 Gal-

47 3647 118 3711 liam
136 3648 266 3730 profecti
285 3652 554 3732 sunt‚·propinqui
576 3652 710 3711 Dinaeae
733 3663 764 3712 et
784 3650 840 3711 filii
861 3654 927 3713 eius
956 3673 1046 3734 saepe
1080 3675 1135 3734 ap·
1252 3656 1254 3665 ’

46 3755 208 3836 pellentur,
228 3756 320 3817 iidem
340 3740 478 3819 homines
498 3769 529 3818 et
549 3756 672 3819 illorum
692 3769 723 3819 et
749 3757 947 3820 adolescentis
975 3761 1133 3850 necessarii

47 3859 178 3924 habendi
207 3874 299 3925 sunt:
328 3853 525 3950 propinquos
551 3887 585 3927 ex
615 3865 682 3928 loco
710 3868 865 3949 superiore
885 3875 913 3943 §.
936 3889 997 3930 au:
1034 3868 1131 3928 omnis

28 3990 108 4041 ,sams
122 3973 311 4056 propinqzws
325 3971 444 4058 filiique
464 3974 511 4044 sui
525 3977 700 4036 necessarios
710 3973 802 4036 etiam
820 3970 853 4047 h.
875 3972 898 4038 l.
921 3980 953 4036 in
973 3974 1132 4060 plerosque

48 4077 133 4141 codd.
158 4079 312 4164 irrepsisse
335 4079 464 4149 ridetur.
