2736 4696
571 133 588 166 Q

125 240 208 332 '186
543 249 788 317 nuuoramo
869 254 871 260 ¹

219 431 264 513 ¹4¹
290 432 420 494 reticuit:
438 432 517 494 'baec
540 444 584 494 est
604 434 720 517 elegans
740 429 829 498 codd:
843 441 1014 500 uosuorum
1038 427 1211 489 emendatio

80 581 81 584 η
134 557 190 620 pro
210 537 331 620 vulgato
365 541 501 618 retinuit,
534 539 615 623 quod
642 537 719 600 nibil
742 536 825 597 aliud
847 536 907 596 fere
926 535 1018 611 dicit,
1050 555 1146 616 quam
1167 532 1211 591 al·

134 658 232 708 terum
266 645 341 706 illud
375 649 557 731 suppressit3
603 651 664 708 iam
684 658 784 707 autem
804 644 951 725 depictam
973 642 1120 702 habemus
1142 639 1213 698 Sta-

134 755 194 813 ieni
214 753 370 814 audaciam
390 764 419 813 et
440 753 594 816 fraudem:
617 752 736 842 simulat
752 774 783 814 se
802 751 878 811 nibil
899 750 1056 831 accepisse,
1072 759 1102 808 et
1111 731 1211 821 ultro,

135 862 186 943 qui
206 862 361 943 pecuniam
382 873 530 944 repetunt,
554 873 684 924 accusat.
706 865 708 870 '

216 988 274 1049 70,
304 989 350 1033 12.
384 970 579 1052 Quamobrem
598 971 626 1028 si
647 967 761 1029 Staieni
781 1002 824 1016 -
852 987 903 1027 22.
926 960 1117 1049 corfirmet?]
1160 963 1213 1022 ln-

134 1073 269 1133 tricatior
300 1073 389 1133 buius
416 1075 580 1134 sententiae
608 1094 700 1134 nexus
722 1073 841 1154 saepius
864 1074 963 1132 miuus
982 1081 1124 1131 accurate
1144 1089 1214 1150 per·

74 1168 76 1173 ¹
137 1189 254 1261 spectus
275 1201 383 1261 pravas
403 1191 433 1239 et
453 1178 632 1240 emendandi
653 1191 682 1240 et
702 1179 916 1262 interpretandi
947 1180 1081 1238 rationes
1102 1196 1213 1258 proge-

134 1287 211 1346 nuit.
272 1285 338 1368 lpse
379 1287 554 1361 Lambinus,
593 1287 781 1347 festinantius
814 1287 895 1347 bunc
935 1285 1035 1346 locum
1067 1294 1214 1359 tractans,

136 1393 277 1472 erravit,
314 1394 387 1454 dum
426 1397 662 1456 coniunctivos:
700 1396 867 1479 reperiamr
899 1423 939 1435 -
968 1388 1070 1447 ablata
1105 1389 1144 1445 sit
1179 1406 1214 1445 ex

135 1499 231 1586 Sylvii
267 1501 439 1562 coniectura
475 1503 604 1583 recepit:
634 1523 706 1562 nam
735 1499 882 1583 particula
917 1515 1006 1577 qutun
1039 1515 1101 1553 non
1122 1488 1215 1552 'ultra

136 1605 252 1666 verba:
283 1609 326 1667 ita
360 1609 542 1668 constituntur
571 1610 610 1666 rit
639 1641 677 1655 -
700 1620 753 1666 aut
782 1605 963 1687 Oppianicus
984 1602 1081 1683 valet,
1104 1599 1216 1683 quibus

136 1711 176 1771 ad
201 1714 258 1771 rite
282 1712 498 1772 conficiendam
515 1711 739 1773 conclusionem
759 1731 793 1771 ea
814 1710 957 1788 conditio,
980 1729 1056 1791 quae
1077 1729 1143 1789 cap.
1165 1705 1216 1766 23.

135 1816 188 1893 64.
217 1837 357 1877 concessa
378 1810 461 1894 erat,
491 1819 523 1876 iu
547 1816 724 1877 memoriam
745 1824 915 1876 revocatur.
956 1816 1157 1898 Argumenta,
1181 1833 1215 1873 ex

136 1923 246 2005 quibus
273 1923 303 1983 b.
333 1922 356 1990 l.
384 1926 462 1983 ratio
493 1925 632 1998 ducitur,
664 1923 785 1983 nonnisi
813 1921 888 1981 haec
918 1922 979 1984 duo
998 1934 1088 1983 sunt:
1111 1923 1213 2002 priust

140 2029 364 2110 »Oppianicum
385 2033 545 2112 pecuniam
567 2031 606 2092 ad
627 2030 767 2091 emendas
787 2032 948 2090 sententias
974 2029 1066 2090 iudici
1087 2029 1214 2103 dedisse,

123 2137 302 2198 'iudicatum
322 2151 365 2200 est
378 2162 410 2219 3«
447 2140 594 2200 alterum:
637 2139 785 2200 »Cluentii
817 2159 960 2198 nummu-s
992 2135 1094 2198 nullus
1123 2135 1216 2196 iudici

139 2247 225 2307 datus
257 2249 424 2330 reperitur3
454 2250 614 2331 Oppianici
644 2259 748 2308 contra
769 2248 896 2329 pecunia
916 2257 984 2328 post
1003 2244 1151 2304 iudicium
1174 2243 1216 2303 sa-

138 2365 221 2414 ctum
242 2375 260 2414 a
282 2354 380 2414 iudice
401 2353 501 2415 ablata
522 2367 594 2419 est«
640 2355 759 2416 Horum
788 2365 951 2437 utrumque
981 2374 1043 2412 una
1071 2349 1216 2433 particula

139 2461 168 2520 si
188 2461 273 2521 initio
306 2463 468 2541 praemissa
503 2461 672 2522 induciturr
706 2462 788 2543 quod
822 2482 1008 2544 quamquam
1041 2459 1216 2520 insolentius

139 2577 170 2628 et
189 2567 295 2628 durius
317 2568 412 2629 videri
433 2579 548 2650 potest,
570 2580 672 2628 tamen
691 2589 754 2630 non
776 2570 874 2628 miuus
896 2588 1001 2628 verum
1025 2578 1081 2628 est.
1113 2567 1217 2628 Prius-

140 2695 232 2756 quam
262 2685 363 2736 autem
387 2676 515 2736 alterum
533 2686 761 2760 argumentum:
788 2659 934 2736 »Cluentii
951 2695 1084 2735 nummus
1104 2707 1146 2722 -
1166 2672 1217 2734 ab·

82 2791 84 2796 ’
140 2782 207 2843 lata
228 2795 309 2861 est«,
335 2784 366 2843 in
387 2804 449 2864 quo
468 2785 496 2842 si
516 2805 550 2843 ex
571 2785 774 2866 superioribus
801 2781 1028 2865 intelligendum
1049 2792 1114 2857 est,
1148 2780 1217 2842 sub·

144 2888 306 2971 iungitur3
347 2889 432 2971 quasi
462 2887 591 2949 firlcrum
617 2892 680 2950 eius
708 2901 738 2950 et
775 2889 981 2949 adiumentum
1008 2887 1142 2948 conditio
1168 2886 1218 2947 illa

141 2995 242 3056 denuo
276 2994 411 3074 additur,
445 3017 536 3077 quam
563 3017 632 3057 reus
663 2995 748 3056 nullo
784 2995 874 3057 modo
912 2995 1079 3055 detrectare
1114 3003 1216 3075 potest.
1246 3064 1250 3076 ι

146 3101 230 3162 Haec
264 3104 288 3163 si
318 3114 399 3164 recte
425 3106 677 3187 perpenduntur,
694 3086 702 3106 χ
722 3105 793 3166 satis
821 3114 961 3187 apparet,
1000 3124 1093 3186 quam
1124 3104 1219 3163 infelix

142 3229 242 3269 novae
264 3207 463 3272 distinctionis
481 3212 647 3278 remedium
656 3210 789 3273 Orellius
808 3230 904 3293 nuper
925 3212 1112 3292 excogitarit,
1129 3207 1231 3292 quum

143 3315 258 3378 verber
275 3337 365 3400 quum
378 3318 421 3378 ita
433 3299 613 3379 comiitutum
622 3318 801 3378 sit-ablata
809 3331 850 3378 est
856 3316 1026 3400 parenthesi
1038 3317 1221 3378 concluserit.

228 3401 286 3506 pa,
312 3422 374 3484 2.*
403 3404 499 3509 εαρτά
513 3447 655 3509 nimquam
680 3460 716 3472 —
739 3423 837 3508 dixit]
880 3425 969 3484 Hunc
993 3423 1112 3503 locum,
1135 3407 1219 3506 quem

144 3524 230 3589 nulla
250 3528 365 3591 ratione
385 3531 521 3614 expedio,
551 3530 590 3592 ad
623 3535 805 3615 optimorum
829 3530 915 3591 codd.
943 3529 1033 3589 fidem
1061 3531 1221 3612 exprimere

145 3633 242 3696 satius·
268 3634 448 3718 videbatur,
468 3660 560 3721 quam
580 3639 746 3722 quidquam
767 3639 880 3701 incerta
901 3647 1024 3719 tangere
1044 3640 1222 3699 coniectura.

143 3740 296 3825 Equidem
318 3748 438 3827 gravius
458 3747 602 3808 mendum
622 3749 719 3808 inesse
747 3746 893 3829 suspicor,
925 3766 1017 3827 quam
1051 3746 1137 3826 quod
1167 3745 1221 3806 leni

145 3850 263 3912 medela
285 3850 432 3914 tollatur:
457 3874 528 3914 nam
549 3853 614 3936 ipsa
633 3852 774 3913 Lambini
794 3850 918 3913 sabaudi
938 3853 1027 3929 ratio,
1047 3851 1132 3913 baud
1156 3871 1222 3914 sane

145 3958 312 4032 mitissima«,
338 3957 417 4020 nibil·
437 3959 545 4023 effecit.
589 3960 665 4038 Quis
685 3959 786 4034 dieat,
808 3980 848 4020 aa
869 3959 985 4024 Staieni
1024 3979 1138 4023 nomen
1157 3956 1220 4022 bb

146 4075 209 4128 tam
231 4078 347 4130 certum
368 4066 427 4153 sit,
447 4079 487 4131 ut·
502 4066 672 4130 editoribus
691 4066 873 4131 videbaturt
