2736 4696
516 226 599 318 rao
621 226 660 287 Α.
684 224 911 288 οωΕΝΤιο.
1201 228 1248 306 55

171 420 311 492 vocare'
326 432 538 518 coeperunt
553 429 591 486 et
606 437 755 487 causam
774 411 881 516 illam
900 429 1019 489 totam
1038 410 1248 517 deposcere.

172 542 299 640 Atque
333 536 401 611 illo
430 535 514 638 ipso
550 553 720 639 tempore
744 535 786 609 in
810 533 912 611 aedis
935 537 977 608 T.
1003 534 1147 621 Annii,
1182 532 1249 608 ho-
1269 524 1309 607 73

170 659 285 735 minis
308 633 578 746 lionestissimi‚
603 656 801 731 necessarii
826 675 864 732 et
887 657 1002 731 amici
1027 656 1113 747 mei,
1132 675 1252 732 noctu

169 780 343 858 Staienus
394 779 595 854 accersitus
633 778 681 852 ab
720 779 935 882 Oppianico
985 777 1099 854 venit
1163 781 1251 854 Jam

153 914 293 980 5oetera
319 921 409 978 nota
434 919 525 978 sunt
550 899 748 975 omnibus:
784 919 831 976 ut
856 928 944 975 cum
970 901 1037 976 illo
1063 900 1251 1005 Oppiani-

169 1053 235 1103 cus
259 1025 381 1130 egerit
404 1022 452 1099 de
476 1023 655 1126 pecunia:
681 1040 727 1096 ut
752 1021 818 1097 illa
842 1049 879 1097 se
902 1021 1147 1097 redditurum
1177 1047 1251 1096 esse

169 1148 330 1226 dixerit:
365 1164 411 1223 ut
442 1171 577 1221 eorum
610 1170 822 1220 sermonem
865 1172 1017 1221 omnem
1056 1144 1251 1223 audierint

166 1269 242 1346 viri
279 1269 395 1358 boni,
428 1267 498 1369 qui
533 1284 617 1342 tum
649 1267 822 1342 consulto
854 1285 1014 1371 propter
1038 1267 1079 1342 in
1103 1273 1252 1344 occulto
1360 1264 1365 1270 ’

168 1393 378 1471 stetissentz
408 1410 455 1466 ut
488 1415 547 1464 res
580 1389 766 1494 patefacta
803 1407 842 1465 et
872 1388 915 1463 in
939 1389 1069 1465 forum
1092 1393 1250 1496 prolata,

130 1536 212 1593 1⁰et
235 1514 401 1621 pecunia
432 1514 556 1588 omnis
580 1541 602 1588 a
636 1513 787 1590 Staieno
812 1532 957 1590 extorta
983 1533 1098 1617 atque
1123 1533 1251 1618 erepta

165 1640 226 1717 sit
243 1637 373 1713 Huius
395 1635 537 1712 Staieni
563 1661 734 1739 persona,
760 1638 904 1741 populo
930 1636 1007 1711 iam
1031 1657 1251 1740 notaatque
1276 1647 1324 1719 29

166 1762 382 1869 perspecta,
407 1758 456 1833 ab
483 1759 592 1864 nulla
618 1759 724 1863 turpi
756 1759 970 1863 suspicione
1001 1761 1250 1840 abhorrebatt

165 1906 408 1988 suppressam
432 1905 508 1955 esse
532 1880 581 1954 ab
606 1906 650 1955 eo
675 1881 898 1985 pecuniam,
931 1907 1048 1983 quam
1081 1912 1152 1989 pro
1186 1910 1251 1960 reo

164 2005 473 2113 pronuntiasset,
506 2004 575 2104 qui
601 2022 712 2078 erant
738 2004 780 2076 in
805 2002 1008 2093 concione,
1034 2032 1114 2081 non
1140 2007 1253 2083 intel-

127 2126 350 2230 151igebant.
389 2128 522 2230 Neque
547 2133 651 2201 enim
676 2124 922 2202 docebantur.
955 2129 1151 2206 Versatam
1177 2157 1252 2205 esse

149 2233 212 2332 'in
237 2248 383 2326 iudicio
407 2250 642 2326 mentionem
667 2251 852 2354 pecuniae
876 2251 1111 2328 sentiebant:
1140 2256 1251 2328 inno·

164 2391 317 2448 centem
343 2397 453 2447 reum
478 2370 776 2448 condemnatum
800 2398 874 2448 esse
899 2373 1131 2453 audiebant:
1162 2379 1249 2452 Sta·

163 2495 247 2571 ieni
270 2495 459 2571 sententia
483 2493 781 2570 condemnatum
805 2495 1006 2574 videbant:
1030 2526 1110 2573 non
1135 2500 1251 2603 gratis

164 2616 210 2693 id
234 2618 283 2692 ab
307 2643 353 2692 eo
378 2617 524 2694 factum
549 2642 634 2707 esse,
661 2618 766 2720 quod
791 2619 988 2694 hominem
1014 2641 1166 2712 norant,
1193 2624 1252 2696 iu-

118 2737 355 2815 rodicabant
421 2737 563 2814 similis
596 2739 638 2814 in
675 2739 815 2828 Bulbo,
856 2741 902 2815 in
924 2743 1064 2833 Gutta,
1091 2744 1133 2818 in
1163 2746 1250 2822 aliis

162 2861 369 2938 nonnullis
400 2861 563 2965 suspicio
596 2861 833 2938 consistebat.
891 2868 1027 2966 Itaque
1051 2866 1245 2960 confiteor,
1270 2893 1310 2956 79

163 2981 272 3079 (licet
296 2983 403 3058 enim
426 2981 504 3058 iam
530 2982 706 3087 impune,
741 2982 815 3058 hoc
837 2989 1060 3088 praesertim
1085 2990 1128 3064 in
1152 2992 1246 3084 loco,

162 3103 383 3201 confiteri,)
417 3102 523 3209 quod
557 3103 764 3206 Oppianici
802 3132 881 3179 non
913 3106 1026 3182 modo
1058 3110 1134 3184 vita
1145 3113 1248 3198 ,sed

161 3228 281 3307 etiam
307 3245 563 3306 nomenante
590 3225 691 3300 illud
718 3245 869 3336 tempus
891 3230 1037 3335 populo
1072 3231 1246 3334 ignotum

244 3445 280 3510 9.
302 3435 394 3508 atque
414 3426 447 3484 in

229 3625 256 3678 3.
275 3622 331 3678 mei
365 3641 417 3679 om.
436 3621 475 3674 λν
542 3619 637 3692 noctu]
657 3627 722 3670 nota
740 3635 758 3670 a
837 3621 860 3691 4.
885 3624 1029 3676 accersitus
1056 3627 1247 3701 ABabcprs

137 3695 312 3765 ,ευακλμ
382 3692 568 3744 arcessituslt
602 3691 678 3761 vulg.
768 3709 793 3761 7.
812 3699 922 3745 uteum
945 3709 1026 3751 serm.
1053 3698 1114 3749 aud.
1138 3716 1246 3751 omnem

162 3764 185 3820 ⁶
253 3765 278 3816 8·
305 3762 427 3834 Propter]
472 3760 937 3831 propebcfgoersqxtprson
1058 3784 1083 3835 9
1109 3777 1138 3820 et
1164 3773 1248 3823 ABG

161 3833 494 3906 obckpqrrtuwueq
550 3832 770 3900 atqueRvulg.
811 3831 990 3885 maome
1032 3852 1070 3889 ιι.
1090 3838 1126 3890 sit
1152 3842 1248 3895 om.B

165 3922 202 3957 ¹²·
222 3903 403 3972 &bom-AB
512 3905 550 3958 13.
569 3918 627 3953 esse
646 3904 740 3958 om.B
781 3902 818 3967 14.
838 3905 1052 3973 promisissetm
1125 3913 1162 3963 16,
1182 3927 1247 3962 sen.

159 3971 459 4028 tietantcodtamb.
532 3999 593 4022 ....
616 3970 699 4023 ebant
718 3983 831 4044 prstu
903 3975 1050 4024 aiebanta
1129 3996 1167 4049 ¹7·
1187 3997 1246 4032 ωε

160 4042 273 4096 euti·
294 4042 504 4096 condemnatum
525 4059 575 4095 om.
598 4043 649 4095 AB
730 4042 1126 4115 esseomCabcnprstuu
1189 4067 1246 4101 au.

136 4111 289 4194 ¹aiebant]
333 4112 464 4170 videbant
483 4129 501 4162 u
566 4127 608 4171 20.
628 4111 714 4163 Gutta
734 4116 758 4165 A
827 4131 868 4167 αι,
883 4113 1001 4185 suspicio
1019 4112 1043 4167 Ιι
1059 4115 1077 4165 l.
1105 4114 1139 4172 de
1162 4120 1247 4172 circ
