2736 4696
599 293 780 358 catum.
1158 297 1226 404 ¹75

222 497 255 540 α.
274 496 309 538 eo
327 470 475 559 stratore]
530 478 623 558 Quod
644 501 735 541 nemo
763 501 799 541 ex
827 479 896 541 eod.
924 479 957 541 S.
979 477 1126 556 Victoris,
1156 499 1228 540 sua·

134 583 231 647 dente
250 584 419 661 Lambino,
440 585 660 648 restituendum
680 587 790 662 duxit,
815 584 847 648 id
868 608 950 648 nunc
970 597 1145 647 nostrorum
1174 609 1227 648 co*

135 691 242 754 dicum
262 693 441 754 auctoritate
461 704 543 753 extra
566 693 788 756 dubitationem
807 696 941 779 positum
961 705 1017 755 est.
1051 694 1128 772 Quis
1146 697 1228 756 enim

136 801 255 863 diutius
276 803 469 863 manifestum
488 802 687 865 mediocrium
708 804 857 866 librorum
884 824 1018 865 errorem
1044 802 1141 864 seraitz
1171 824 1228 863 au-

135 916 241 971 ctore?
265 912 329 988 Qui
348 910 474 970 tandem
494 909 583 972 iudex
604 913 641 988 is,
664 915 717 996 qui
737 911 845 996 cupide
866 933 952 976 reum
973 911 1113 990 absolvit,
1122 923 1230 984 auctor

137 1019 203 1081 eius
224 1040 245 1079 a
266 1019 349 1080 bono
372 1016 684 1100 sc1iptoredieatur?
725 1017 889 1080 Contendit
908 1020 1032 1104 quidem
1055 1019 1115 1081 hoc
1138 1021 1229 1081 Grae·

136 1128 218 1202 vius,
240 1125 327 1188 nullo
347 1125 439 1186 modo
455 1125 605 1208 probavit.

226 1254 272 1298 η.
302 1230 378 1294 Iam
401 1234 456 1293 lroc
473 1255 534 1295 non
553 1232 711 1317 ignoratis]
766 1233 895 1318 Negatio
919 1235 953 1297 h.
975 1236 999 1297 l.
1020 1247 1084 1296 tam
1113 1237 1229 1300 incerta

138 1345 318 1405 auctoritate
346 1341 524 1420 nitebatur,
554 1354 589 1404 ut
619 1343 769 1405 Graevius
801 1344 840 1405 de
858 1366 894 1406 ea
913 1344 1042 1406 delenda
1061 1348 1227 1427 cogitaret.

138 1449 181 1513 illi
202 1451 287 1512 enim
306 1451 502 1533 interrogatio
521 1449 594 1511 huic
622 1450 689 1513 loco
711 1451 795 1513 haud
825 1451 923 1513 aliena
952 1474 1016 1514 esse
1046 1453 1228 1514 videbatur:

137 1557 395 1652 quemadmodum
413 1560 447 1620 in
466 1569 568 1620 vetere
590 1557 721 1620 editione
736 1560 899 1621 Basileensi
920 1581 1025 1621 revera
1047 1562 1230 1622 constitutus

138 1673 202 1724 ost:
225 1662 280 1723 sed
298 1664 427 1744 nemini,
451 1674 539 1746 puto,
560 1664 770 1746 persuadebit,
795 1666 973 1726 Ciceronem
994 1679 1112 1748 gratam
1132 1682 1229 1732 meta-

136 1771 290 1855 phoram,
317 1793 379 1852 qua
409 1771 517 1834 leviter
547 1782 578 1832 et
605 1771 756 1854 eleganter
785 1772 966 1834 adumbrata
986 1775 1026 1836 ad
1046 1754 1111 1837 rein
1132 1779 1230 1860 ipsam

137 1897 350 1963 progressurus
372 1890 455 1957 erat,
477 1879 588 1961 insigni
610 1876 743 1961 quodam
777 1879 886 1941 affectu
913 1881 1098 1962 protulisse,
1129 1883 1231 1967 qualis

137 1985 366 2068 interrogationi
384 1989 523 2070 proprius
543 1997 598 2049 est.
631 1988 813 2071 Opportune
833 2001 935 2051 autem
949 1993 1126 2075 gravissima
1139 1993 1230 2061 codd.

138 2104 318 2154 nostrorum
345 2099 508 2158 auctoritas
538 2096 707 2175 intercedit,
739 2119 818 2178 quae
848 2100 940 2159 etiam
962 2103 1070 2161 ceteris
1088 2102 1231 2164 omnibus

138 2202 406 2282 dissentientibus,
437 2213 575 2285 receptae
602 2203 769 2285 scripturae
796 2204 887 2265 iidem
907 2205 978 2268 satis
999 2206 1171 2269 coufirmat.
1189 2240 1233 2256 -

137 2309 246 2394 Neque
275 2314 377 2372 minus
405 2312 608 2371 necessarium
631 2321 701 2386 est,
737 2311 820 2394 quod
842 2314 1088 2401 mox‘novipsimi
1106 2315 1231 2378 demum

137 2420 268 2483 editores
299 2439 334 2482 ex
365 2442 426 2503 mg.
461 2419 538 2481 Cod.
564 2420 597 2481 S.
627 2419 760 2482 Victoris
793 2434 988 2503 receperunt:
1021 2425 1149 2485 monitae
1174 2445 1233 2506 pro

135 2529 258 2614 vulgato
287 2530 476 2606 donuiname,
506 2527 589 2612 quod
609 2529 722 2590 frustra
742 2529 833 2591 variis
854 2530 1035 2591 coniecturis
1072 2542 1229 2594 tentatum

138 2649 212 2699 erat.
259 2637 340 2699 Nam
371 2637 465 2701 verba
480 2638 574 2718 fame
602 2638 779 2699 dominante
806 2635 885 2697 nibil
916 2634 999 2698 aliud
1028 2640 1086 2699 nisi
1109 2651 1230 2721 tempus

137 2749 307 2808 communis
340 2748 477 2808 omnium
510 2747 629 2829 inopiae
660 2745 841 2825 indicarent,
861 2767 922 2828 qua
942 2758 1097 2830 grassante
1118 2748 1233 2811 bestiae

127 2856 260 2938 'quoque
289 2854 566 2938 compellerentur:
601 2853 654 2916 sed
679 2852 758 2914 nihil
779 2852 838 2914 hoc
869 2854 909 2914 ad
937 2876 1025 2930 rem,
1058 2857 1112 2917 ubi
1140 2859 1232 2918 unice

137 2961 305 3026 bestiarum
327 2963 525 3040 consuetudo,
547 2962 789 3048 quandocunque
808 2963 905 3026 fames
927 2985 976 3026 eas
992 2977 1155 3048 premeret,
1178 2966 1232 3027 de-

137 3072 298 3136 scribenda
319 3083 394 3135 erat.

221 3181 285 3263 48,
308 3204 340 3266 9.
363 3182 417 3268 qui
446 3183 515 3244 ide
540 3205 614 3243 rcere
628 3179 739 3267 possit]
780 3181 881 3242 Satius
908 3181 1061 3261 duximus,
1081 3178 1232 3244 librorum

138 3311 342 3371 consensum,
375 3314 467 3376 quam
498 3291 656 3374 vulgarem
676 3291 944 3374 grammaticorum
964 3313 1104 3352 normam
1126 3293 1229 3375 sequi:

137 3420 304 3483 nunquam
325 3410 408 3461 certo
430 3396 573 3461 affirmari
593 3411 692 3482 potest
707 3401 739 3459 in
759 3400 965 3483 propositione
985 3400 1140 3483 pendenti,
1170 3420 1232 3483 qua

137 3510 287 3569 sententia
308 3507 468 3568 cuiusdam
489 3509 674 3581 continetur,
697 3518 847 3588 quantum
869 3505 934 3568 eius
954 3519 1077 3586 mente,
1109 3510 1161 3590 qui
1182 3508 1232 3570 lo·

137 3617 253 3699 quitur,
285 3626 335 3676 aut
369 3618 444 3692 eius,
476 3619 561 3677 euius
589 3617 738 3678 sententia
759 3614 906 3693 affertur,
927 3616 1045 3677 dictum
1068 3617 1128 3677 sit:
1151 3616 1185 3677 h.
1209 3613 1233 3677 l.

138 3723 162 3784 si
183 3722 299 3785 Staieni
320 3711 534 3805 potiusquam
555 3721 710 3784 Ciceronis
724 3722 819 3784 verba
840 3723 929 3784 nobis
950 3723 1057 3785 audire
1078 3723 1231 3809 videmur,

138 3832 253 3912 optime
276 3850 417 3911 praesens
437 3840 558 3912 tempus
580 3825 765 3890 defenditur.

212 3916 279 4019 ¹49,
307 3935 337 3997 8.
366 3938 548 3996 miserrimus
579 3936 612 3996 in
639 3936 710 3996 locis
732 3933 783 4018 [et]
815 3935 1015 4022 inertissimas]
1077 3937 1229 4013 Duarum,

138 4062 216 4126 qnae
243 4043 276 4103 h.
299 4041 322 4103 l.
348 4042 537 4126 vulgantur,
562 4042 711 4104 scribendi
734 4043 907 4121 rationum,
935 4045 1022 4128 (aute
1047 4046 1229 4107 miserrimo

138 4163 167 4210 et
194 4151 404 4230 inanissimo,
438 4151 541 4211 eiectis
571 4150 673 4212 verbis
714 4152 746 4211 ἱη
779 4151 871 4231 locir5
900 4163 972 4214 aut:
1000 4154 1179 4217 miserrimis
1198 4156 1231 4215 in
