2736 4696
152 281 200 354 32
409 269 412 280 '
610 270 772 336 ORATIO
885 279 887 291 .

151 461 250 538 lium
276 459 471 539 removeri.
516 458 683 537 ‘Suberat
706 458 822 533 etiam
845 454 922 531 alia
955 475 1065 532 eausa
1098 455 1242 550 maior,

152 611 253 686 qaue
266 584 485 689 Oppianici,
510 583 676 658 bominis
701 579 908 673 avarissimi
931 597 1048 680 atque
1071 579 1243 666 audacis·

91 727 131 805 45
152 707 256 798 simi,
271 728 447 784 mentem
467 708 629 781 maxime
648 705 917 781 commovebat.¹
967 704 1063 777 Nam
1076 705 1245 780 Habitus

150 858 272 936 usque
306 831 355 907 ad
382 833 487 907 illius
512 831 647 905 iudicii
676 850 825 933 tempus
851 827 1006 903 nullum
1036 847 1245 919 testamen-

150 973 238 1030 tum*
258 981 444 1056 umquam
473 954 613 1029 fecerat
682 955 815 1054 Neque
848 951 953 1025 enim
986 952 1110 1052 legare
1142 952 1262 1026 eiue5

136 1076 254 1152 ¹modi
277 1080 392 1153 matri
414 1095 564 1182 poterat
598 1075 775 1151 animum
811 1074 994 1149 inducere
1026 1099 1152 1175 neque
1189 1091 1245 1149 te-

148 1218 337 1275 stamento
361 1225 502 1276 nomen
527 1199 686 1274 omnino
723 1199 1028 1303 praetermittere
1061 1197 1244 1301 parentis.

149 1322 196 1401 Id
213 1351 337 1424 quum
353 1322 590 1427 Oppianicus
615 1323 747 1409 sciret,
774 1320 915 1423 (neque
940 1321 1043 1413 enim
1068 1338 1151 1394 erat
1176 1310 1247 1397 ob-¹

150 1444 343 1540 scurum,)
373 1446 629 1548 intelligebat,
665 1444 808 1519 Habito
833 1463 1003 1536 mortuo,
1033 1443 1246 1519 bonactus

154 1568 283 1651 omnia
308 1567 357 1643 ad
384 1587 545 1644 matrem
569 1593 642 1643 esse
666 1586 843 1642 ventura:
879 1594 980 1670 quae
1004 1567 1052 1641 ab
1077 1593 1153 1643 sese
1177 1594 1287 1671 poro

93 1785 95 1791 Ι
152 1709 230 1767 stea
255 1711 365 1768 aucta
390 1693 553 1798 pecunia
587 1694 731 1767 maiore
766 1693 956 1796 praemio,
992 1691 1125 1777 orbata
1161 1690 1248 1769 filio

152 1813 302 1888 minore
325 1815 498 1919 periculo
524 1833 734 1888 necaretur.
786 1818 922 1915 Itaque
944 1812 1008 1888 bis
1039 1814 1153 1889 rebus
1173 1814 1247 1903 iu·

153 1935 303 2030 census,
345 1963 423 2038 qua
458 1935 607 2010 ratione
631 1935 821 2011 Habitum
852 1961 1000 2011 veneno
1027 1938 1160 2013 tollere
1184 1964 1248 2015 co·

3 2137 5 2141 .
82 2064 126 2136 16
153 2078 269 2136 natus
294 2058 361 2153 sit,
398 2058 619 2161 cognoscite.
682 2061 722 2134 C.
759 2077 797 2136 et
830 2062 870 2133 L.
902 2058 1071 2134 Fabricii
1106 2061 1245 2139 fratres

81 2157 125 2238 4⁶
151 2181 293 2286 gemini
317 2181 478 2281 fuerunt
502 2207 548 2256 ex
572 2182 787 2288 municipio
813 2183 1033 2274 Aletrinati,
1069 2183 1288 2268 hominesve

149 2306 253 2381 inter
274 2318 323 2380 se'
338 2333 462 2409 quum
486 2305 608 2381 forma
634 2324 717 2381 tum
734 2303 906 2383 moribus
926 2306 1083 2398 similes,
1112 2310 1244 2385 muni«¹

148 2429 282 2533 cipum
327 2447 456 2505 autem
497 2453 656 2504 suorum
699 2427 961 2504 dissimillimi:
1009 2430 1052 2504 in
1096 2432 1243 2533 quibus

149 2572 317 2657 quantus
334 2550 515 2658 splendor
530 2553 587 2642 sit,
614 2575 732 2654 quam
747 2579 868 2657 prope
883 2556 1101 2656 aequabilis,
1121 2585 1242 2660 (suam

148 2679 229 2754 fere
253 2678 428 2761 omnium
453 2694 627 2751 constans
651 2695 690 2750 et
708 2677 902 2753 moderata
919 2680 1016 2753 ratio
1030 2679 1147 2771 vitae,
1175 2705 1243 2772 ne,

148 2828 212 2876 mo
244 2819 428 2891 vestrum,
458 2816 510 2875 ut
544 2825 628 2877 mea
663 2800 746 2877 fert
768 2803 918 2907 opinio,
954 2804 1112 2906 ignorat.
1170 2806 1285 2887 His20

149 2926 336 3001 Fabriciis
366 2949 515 3028 semper
548 2950 639 2999 usus
671 2945 725 3000 est
752 2927 989 3031 Oppianicus
1023 2928 1240 3005 familiaris·

115 3127 118 3133 ,
150 3045 253 3120 sime.
304 3051 385 3121 lam
413 3046 487 3120 boc
519 3045 598 3120 fere
631 3047 733 3123 scitis
765 3062 912 3141 omnes,
942 3054 1127 3152 quantam
1161 3036 1241 3149 vim

150 3168 291 3244 babeat
323 3166 372 3277 ad
408 3167 695 3271 coniungendas
729 3171 916 3249 amicitias
949 3173 1166 3252 studiorum
1195 3202 1241 3251 eo

235 3402 261 3444 1.
281 3379 442 3442 demovere
521 3382 553 3445 6.
576 3381 605 3442 in
627 3383 764 3445 animum

223 3580 244 3615 ι.
258 3565 392 3617 removeri
411 3563 463 3617 AB
556 3563 694 3618 dimovere
709 3565 949 3641 fsuydixipv
1054 3571 1195 3626 demovere
1216 3571 1240 3627 ll

151 3633 225 3704 vulg.
297 3631 363 3707 alin]
384 3635 431 3686 illa
452 3632 499 3686 ad
504 3634 518 3696 ζ
650 3654 674 3690 a.
696 3645 780 3708 atque
809 3640 984 3692 audacissimi
1002 3660 1052 3699 om.
1065 3644 1095 3695 ,Α
1112 3653 1167 3714 (pr.
1181 3650 1240 3713 ,my

152 3705 176 3757 5.
198 3704 270 3755 enim
294 3723 344 3756 om.
363 3703 469 3757 ABno
582 3709 609 3760 6.
627 3708 748 3759 animum
768 3705 1239 3785 ABdefghilrlmnopqrstuv

138 3773 236 3841 ,δεζς
286 3776 315 3826 in
334 3779 453 3826 animum
472 3773 571 3827 abcw
586 3778 662 3849 vulg.
699 3795 789 3849 neque
807 3783 836 3832 in
858 3782 998 3856 test.l›cq
1069 3802 1093 3852 7.
1109 3786 1237 3852 omnino]

151 3846 278 3895 animoa
374 3849 399 3900 8.
417 3845 447 3896 id
471 3848 544 3897 enim
564 3864 685 3914 quumoe
775 3852 921 3905 -voabse
943 3871 960 3903 α
1060 3855 1097 3921 14.
1120 3853 1255 3910 Fabritii.

151 3913 329 3987 abcdesglr
342 3915 656 4036 npprstuvadelx
697 3936 713 3970 ν
729 3922 916 3990 (constantem
931 3920 986 3975 AB
1003 3922 1246 3995 passimhepndem

149 3987 529 4108 ztvvlvttrvtt..
580 3936 784 4112 veltet
800 3993 1129 4117 ‘'lrtvrttr
1157 3990 1240 4119 “t

152 4124 246 4197 quum]
265 4075 555 4199 tume'ceqwosq‘
626 4081 976 4209 vtt'peqn'aliqesjr'll‘aoi
995 4083 1121 4209 0ῑῖιίἕά
1160 4084 1236 4193 dt.

153 4203 194 4247 est
213 4214 275 4248 usus
293 4198 378 4251 ΑΒ·
440 4214 481 4251 aa.
502 4192 586 4270 scitis]
605 4201 668 4252 satis
687 4216 705 4250 α
1082 4205 1085 4209 “
