2736 4696
131 311 181 383 92
430 269 433 274 ’
594 279 757 342 orario

130 464 272 542 tissime
295 463 437 543 laudat.
490 468 633 564 Quare,
653 467 683 542 si
711 493 835 569 neque
859 469 898 541 L.
924 466 1043 543 Gellii
1069 465 1236 545 iudicio

128 589 235 663 stetit
258 591 460 678 Lentulus,
488 614 614 691 neque
640 589 796 663 Lentuli
821 588 1101 666 existimatione
1126 586 1218 667 con·

131 729 259 788 tentus
293 709 369 784 fuit
401 709 569 786 Gellius:
594 728 655 798 et,
690 710 721 784 si
759 727 925 812 uterque
951 712 1094 788 Censor
1119 715 1219 788 Cen-

129 834 222 910 soris
253 834 436 938 opinione
469 832 651 909 standum
686 862 767 910 non
798 834 978 939 putavitt
1011 834 1112 938 quid
1149 856 1218 923 est,

129 957 381 1060 quamobrem
405 957 612 1061 quisquam
637 976 811 1032 nostrum
836 956 1031 1033 Censorias
1047 960 1236 1042 subscri-5

130 1081 283 1184 ptiones
304 1082 429 1158 omnis
454 1083 546 1158 lixas
577 1081 683 1157 etin
711 1101 945 1233 perpetuum
969 1099 1069 1157 ratas
1103 1102 1219 1188 putet

131 1230 207 1281 esse
231 1206 431 1311 oportere?

60 1348 110 1422 48
208 1329 289 1406 At
278 1357 320 1404 tn
337 1328 463 1434 ipsum
476 1326 665 1404 Habitum
683 1325 1048 1406 animadverterunt:
1067 1329 1220 1405 nullam

61 1451 289 1558 133quidem
314 1452 363 1530 ob
390 1451 685 1587 turpitudinem,
710 1455 867 1528 nullum
891 1455 941 1529 ob
967 1452 1085 1530 totius
1107 1452 1219 1542 ritae,

129 1604 212 1652 non
242 1572 368 1648 dicam
400 1572 557 1680 vitium,
606 1572 672 1649 sed
704 1593 894 1652 errffatum
916 1601 1065 1679 neque
1109 1575 1258 1654 enimn

40 1678 47 1691 ι
128 1701 207 1777 hoc
240 1684 400 1775 homine
440 1699 608 1783 sanctior
650 1727 776 1802 neque
813 1686 977 1804 probior
1011 1727 1142 1804 neque
1176 1702 1221 1778 in

40 1853 42 1857 ’
128 1821 309 1929 omnibus
327 1821 470 1899 officiis
505 1820 715 1898 retinendis
751 1822 974 1926 diligentior
995 1850 1082 1900 esse
1115 1825 1222 1929 quis·

127 1940 247 2048 quani
265 1964 406 2051 potest}
428 1972 555 2048 neque
570 1946 630 2020 illi
650 1946 764 2022 aliter
786 1946 944 2042 dicunt3
971 1946 1037 2022 sed
1055 1945 1222 2025 eandem

40 2070 43 2081 '
128 2068 237 2171 illam
262 2069 404 2144 lamam
429 2066 566 2168 iudieii
591 2069 770 2173 corrupti
795 2069 914 2144 secuti
939 2089 1040 2146 sunt.
1084 2072 1222 2173 Neque

129 2191 201 2296 ipsi
228 2217 332 2268 secus
356 2190 592 2295 existimant,
617 2218 737 2294 quam
764 2214 832 2268 nos
863 2191 1073 2268 existimari
1109 2193 1263 2268 volu-15

127 2341 225 2403 mus,
262 2313 310 2390 de
346 2313 465 2392 huius
494 2302 663 2420 pudore,
695 2312 935 2415 integritate,
962 2314 1127 2411 virtute5
1152 2314 1220 2391 sed

127 2457 321 2542 putarunt
347 2437 615 2542 praetermitti
648 2419 1014 2544 amoenioremuon
1039 2441 1222 2544 potuisse,

106 2645 107 2648 Ἴ
128 2573 270 2665 quum
286 2561 597 2638 animadversum
629 2578 723 2639 esset
745 2559 985 2642 -invindioes
1044 2543 1134 2664 Qua
1168 2566 1222 2642 de

128 2712 171 2760 re
196 2703 275 2762 tota
298 2684 330 2759 si
354 2686 483 2759 unum
505 2683 653 2760 factum
676 2709 723 2758 ex
746 2683 854 2759 omni
878 2684 1113 2788 antiquitate
1129 2691 1221 2792 pro-

59 2803 274 2901 uitatem,
300 2809 415 2914 plura
430 2836 522 2897 „non
546 2807 682 2885 dicam.
719 2809 808 2883 Non
833 2809 939 2882 enim
964 2809 1062 2885 mihi
1087 2833 1264 2887 exem-²⁰

128 2937 239 3039 plum
263 2932 403 3008 summi
430 2950 468 3006 et
491 2931 692 3009 clarissimi
717 2931 802 3020 viri,
826 2935 867 3006 P.
892 2932 1077 3024 Africani,
1101 2934 1228 3040 prae?

129 3057 363 3136 tereundum
404 3054 575 3131 videtur:
612 3054 683 3158 qui
716 3083 841 3158 quum
874 3075 967 3132 esset
991 3058 1166 3148 Censor,
1180 3056 1242 3136 et'

128 3182 171 3257 in
195 3180 373 3284 equitum
398 3203 515 3253 censu
543 3177 583 3250 ss
610 3175 782 3252 Licinius
792 3175 972 3252 Sacerdos
996 3179 1219 3283 prodiisset3

127 3306 232 3380 clara
281 3328 400 3394 voce
453 3319 499 3376 ut
546 3300 669 3376 omnis
707 3298 841 3374 concio
890 3295 1026 3375 audire
1079 3324 1222 3406 posset,

80 3453 82 3456 ’
128 3427 237 3518 dixit,
252 3452 289 3504 se
313 3394 427 3566 scire,
453 3425 566 3499 illum
593 3424 717 3499 verbis
741 3423 932 3530 conceptis
953 3425 1161 3530 peierasse.
1186 3431 1258 3510 siat

204 3629 225 3664 1.
245 3610 268 3662 si
289 3628 341 3668 om.
355 3627 374 3663 ν
447 3609 523 3662 Gelli
558 3604 778 3678 ABbcdesg
735 3605 795 3658 σἸιν
978 3625 1003 3663 a.
1025 3606 1217 3661 aestimatione

128 3681 188 3744 de(
331 3681 355 3750 4
377 3680 510 3750 opinione
538 3677 665 3730 standum
692 3676 717 3728 Ιι.
736 3679 755 3730 l.
774 3670 905 3730 redeunt
939 3676 1046 3732 codices
1075 3680 1169 3732 mutili
1192 3692 1218 3731 et

128 3751 171 3807 ed
198 3769 217 3802 α
358 3751 383 3802 6.
411 3751 513 3803 adfixas
538 3760 688 3822 apqrstrt
742 3747 837 3799 affixos
861 3765 881 3798 α
955 3757 1035 3830 putat
1064 3749 1221 3804 Aeaeis

131 3826 174 3882 13.
200 3819 306 3893 dieunt]
328 3819 467 3874 debente
601 3818 637 3885 ι4
663 3826 727 3870 suat
745 3837 794 3869 om
812 3819 834 3870 B
951 3820 988 3872 15.
1009 3819 1077 3888 ipsi]
1107 3819 1216 3883 ειιίιιις

127 3891 190 3966 nos]
210 3910 257 3946 vos
275 3904 413 3964 μνείας
494 3892 648 3941 existimare
666 3892 713 3941 II
717 3891 950 3960 praeterABue
1096 3909 1134 3960 ¹9·
1154 3897 1214 3941 tota

54 3996 57 4004 ·
127 3982 181 4020 om.
201 3966 253 4017 AB
381 3980 422 4015 so
442 3960 504 4012 dico
526 3962 581 4015 AB
699 3978 739 4016 aa.
760 3968 787 4012 rt
806 3977 855 4011 om.
874 3962 897 4012 B
988 3959 1213 4029 aspromont

129 4037 163 4086 II
179 4047 292 4104 praeter
313 4032 470 4104 aomo,-
492 4045 505 4082 ε
563 4029 730 4098 prodidisset
749 4047 768 4081 α
867 4031 909 4098 al
928 4023 1070 4101 possitis
1101 4043 1213 4104 praeter

130 4121 205 4177 σφι)
226 4103 272 4172 (de
295 4105 401 4162 Osann.
420 4121 476 4155 nou
496 4101 638 4174 liquet)
