2736 4696
136 273 206 354 ¹7⁰
310 299 311 303 .
554 219 802 306 nouorlrm

134 415 324 510 acquiescere
344 363 410 490 ndo
429 427 548 509 potuit3
570 448 609 489 ne
630 431 663 489 in
684 449 830 512 suspenso
845 437 1226 505 ,tenereturverasenten-

26 525 29 538 ¹
123 539 196 616 tia,
224 537 334 598 solutio
363 537 450 598 fictae
477 535 663 598 difficultatis
691 536 860 599 necessaria
893 547 977 615 erat;
1004 557 1106 619 neque
1126 537 1225 618 aptior

134 644 198 705 ulla
235 648 360 728 cogitari
389 656 507 728 potest,
544 666 640 727 quam
672 666 751 727 quae
779 642 921 704 damnato
950 622 1003 704 illo
1024 665 1044 705 a
1072 643 1250 737 plerisque·

136 752 365 831 additamento,
387 754 471 835 quod
492 756 678 835 optimorum
700 754 841 816 codicum
863 763 1037 815 nostrorum
1058 755 1229 816 auctorita·

134 871 196 920 tem
218 882 299 921 nunc
320 864 392 922 satis
412 872 514 923 tutum
536 863 752 943 praestituram
767 882 831 922 csse
851 881 1015 943 speramus,
1041 861 1230 931 continetur.

134 968 215 1055 llam
235 968 318 1052 quod
338 990 374 1028 ea
392 991 493 1046 causa,
513 990 592 1057 quae
612 971 701 1029 unice
722 990 795 1030 vera
815 979 869 1044 est,
892 978 923 1028 et
943 988 1092 1050 magnum
1120 967 1231 1030 discri-

134 1097 205 1143 men
216 1124 225 1152 ,
246 1076 328 1158 quod
350 1079 431 1139 inter
451 1078 584 1152 medicos
605 1089 634 1139 et
654 1089 799 1160 patronos
820 1076 998 1154 intercedit,
1026 1098 1100 1137 eum
1128 1080 1231 1160 specie

134 1181 333 1246 dubitationis
363 1185 516 1269 profertur
536 1187 610 1260 (rzisi
626 1188 739 1268 fhrte),
762 1184 823 1247 hoc
851 1185 968 1268 egregie
995 1183 1084 1245 fictae
1104 1207 1232 1268 praece-

135 1282 272 1354 dentium
299 1296 440 1378 gravitati
478 1296 630 1357 convenit.
690 1295 827 1362 Similem
860 1295 1082 1358 sententiarum
1116 1315 1231 1356 nexum

134 1399 283 1463 habemus
312 1425 369 1485 pro
399 1405 541 1466 Caecina.
574 1429 603 1468 c.
628 1427 654 1466 1.
679 1426 722 1467 2:
749 1407 826 1466 mibi
851 1407 971 1493 qut'ciem
999 1423 1091 1487 quum
1119 1405 1231 1466 adae

131 1511 295 1600 praecipue
316 1513 418 1593 fuisse
450 1514 571 1574 uidetur
590 1515 763 1588 Aebutius,
787 1527 847 1574 tum
868 1514 1025 1599 impudens
1052 1514 1086 1574 in
1117 1513 1231 1573 iudicio

136 1638 209 1676 ···:
252 1617 313 1678 uisi
332 1621 423 1700 form
442 1621 497 1680 boc
526 1621 652 1680 rationis
685 1621 806 1692 babuit,
839 1622 984 1704 quoniam
1012 1642 1099 1703 seqq.
1150 1621 1231 1684 Nam

137 1723 229 1783 etiam
258 1726 289 1786 b.
314 1727 335 1792 Ι.
359 1749 452 1810 quam
482 1749 588 1788 veram
614 1727 740 1790 Aebutii
765 1749 887 1789 causam
914 1729 1042 1789 actionis
1065 1749 1132 1806 esse
1151 1728 1229 1809 vult,

137 1853 205 1892 enm
225 1835 311 1914 quasi
331 1834 506 1896 dubitanter
528 1836 678 1918 exprimit.
701 1869 742 1887 υ·-
779 1836 816 1895 ln
837 1846 940 1896 nostra
959 1836 1088 1917 quidem
1107 1848 1231 1900 senten-

137 1940 181 1999 tia
209 1941 319 2021 p'rioris
346 1943 442 2022 partis
471 1943 643 2005 irrisionem
674 1953 736 2003 tam
758 1955 839 2004 recte
858 1943 1008 2024 perspexit
1031 1954 1063 2005 et
1089 1942 1232 2025 explicuit

138 2048 342 2127 Garatonius‚
364 2059 400 2109 ut
427 2052 566 2124 mireris,
600 2049 701 2111 virum
721 2049 946 2132 sagacissimum
967 2071 1030 2110 non
1052 2053 1086 2111 in
1107 2051 1231 2133 reliquis

138 2175 261 2236 quoque
281 2157 405 2218 Graevii
423 2160 658 2236 auctoritatem,
676 2159 727 2217 cui
748 2179 838 2239 saepe
856 2159 984 2218 nimium
1005 2158 1156 2241 indulget,
1179 2159 1230 2220 de·

138 2258 239 2324 serere
273 2285 380 2324 ausum
409 2286 493 2342 esse,
525 2265 635 2326 sedin
657 2265 849 2327 dubitatione
874 2272 1055 2348 suspensum
1079 2266 1226 2327 haesisse:

58 2378 62 2389 '
139 2369 228 2429 video
248 2370 322 2429 ltaec
343 2373 413 2434 satis
423 2369 532 2460 firma
552 2370 727 2432 existimari
750 2391 812 2435 acu
839 2392 943 2454 possa:
974 2373 1029 2433 sed
1046 2374 1230 2437 conclamata

140 2497 201 2538 non
221 2478 367 2539 arbitror.
847 2544 850 2553 ¹

145 2623 149 2629 -
225 2607 272 2652 20.
300 2599 350 2667 ut,
379 2608 561 2674 quamquam
581 2621 622 2634 ·-
643 2619 687 2634 -
713 2585 881 2670 videretur]
929 2587 1033 2649 Etiam
1061 2587 1096 2649 h.
1124 2587 1149 2652 l.
1179 2585 1232 2650 soli

43 2753 48 2759 ,
140 2694 232 2761 codd.
254 2693 284 2758 A
305 2705 336 2756 et
356 2697 381 2755 B
401 2697 533 2776 priscam
553 2697 735 2779 scripturam
756 2706 935 2773 servarunt,
972 2696 997 2756 si
1025 2695 1152 2779 quidem
1172 2697 1232 2778 pri·

113 2883 116 2887 p
142 2825 193 2866 sca
214 2816 294 2866 certe
315 2803 457 2872 habenda
477 2817 543 2880 est,
565 2828 659 2889 quam
680 2808 769 2867 unice
789 2826 894 2868 sensus
914 2805 1004 2864 ferat.
1052 2804 1130 2864 Nam
1154 2802 1233 2886 quod

140 2913 234 2996 vulgo
256 2913 375 2975 editur:
412 2915 467 2974 boc
494 2933 675 2997 quamquam
708 2911 811 2973 sedulo
820 2910 968 2990 faciebat
987 2919 1090 2992 aperte
1111 2909 1234 2992 Cepnsio

141 3021 304 3104 consilium
319 3021 459 3081 attribuit
474 3042 555 3081 nova
567 3019 696 3082 vulnera
706 3019 849 3082 Fabricio
859 3017 1003 3094 addendi,
1018 3017 1115 3099 quod,
1131 3035 1236 3100 quam·

141 3131 190 3191 vis
211 3129 368 3210 improbus
400 3127 492 3188 fuerit
524 3137 554 3186 et
574 3126 731 3208 perditus,
765 3135 867 3185 tamen
889 3125 1015 3206 cogitari
1043 3145 1108 3186 noo
1130 3135 1235 3207 potest.

141 3238 202 3298 Sed
220 3237 305 3297 haud
325 3237 418 3297 dubie
437 3236 514 3297 illud
534 3239 604 3314 boo,
624 3235 708 3318 quod
728 3256 850 3296 sensum
870 3234 987 3312 turbat,
1008 3236 1081 3315 quia
1104 3232 1145 3293 ad
1168 3232 1235 3294 vul·

141 3358 217 3406 nera
243 3343 347 3408 addita
377 3365 432 3404 nos
460 3343 608 3428 respicere
630 3343 720 3423 cogit,
739 3361 758 3400 a
778 3350 950 3401 correctore
970 3338 1104 3423 quodam
1119 3337 1235 3399 illatum

143 3465 203 3526 est,
246 3436 299 3534 qui
331 3450 498 3535 elegantem
527 3472 618 3514 usum
646 3450 811 3511 verborum
845 3449 946 3511 sedulo
967 3451 1078 3528 faeere
1098 3448 1235 3510 absolute

141 3563 312 3644 positorum
334 3572 524 3644 compertum
543 3581 605 3621 non
625 3559 770 3634 habebat,
783 3580 846 3640 quo
869 3558 982 3619 bonam
1003 3557 1094 3619 iidem
1115 3570 1146 3618 et
1166 3578 1235 3640 ope-

142 3692 210 3732 ram
238 3672 419 3754 cuicumque
451 3674 495 3733 rei
524 3673 692 3752 impensam
721 3671 916 3751 exprimunt:
942 3667 996 3730 cir.
1021 3665 1059 3726 de
1079 3665 1155 3729 Fin.
1179 3667 1235 3733 tlt.

142 3801 172 3842 c.
194 3778 227 3858 4.
253 3760 308 3841 1'6:
329 3779 458 3859 Sedato„
473 3770 609 3864 iuquam,
622 3780 766 3859 faciam,
788 3776 843 3837 sed
854 3777 987 3857 fhrtuna
1001 3776 1111 3854 stertis.
1163 3777 1236 3842 Ter.

141 3887 227 3952 Eun.
257 3888 300 3950 ll.
332 3888 364 3949 3.
391 3909 449 3971 71:
487 3889 616 3950 Faciam
652 3887 773 3961 sedulo,
798 3885 877 3946 dabo
912 3903 1055 3967 operam,
1088 3883 1236 3944 aduitaba

37 4065 38 4074 χ
144 3994 280 4079 Adelph.
320 3997 377 4062 lll.
402 3996 431 4062 3.
454 3994 513 4084 59:
531 3995 579 4080 fit
597 3995 717 4056 sedulo:
740 3995 819 4055 atttt
832 3993 1053 4077 praetermitto.
1096 3991 1235 4053 Eundem

144 4104 237 4192 igitur
267 4126 367 4172 usum·
386 4115 488 4168 nostro
516 4104 584 4168 loeo
613 4103 787 4170 restitutum
820 4100 989 4181 habemus,
1022 4101 1065 4163 ita
1086 4110 1121 4164 ut
1148 4116 1237 4164 uerus
