2736 4696
392 278 395 287 ·
433 233 440 258 ’·
522 254 607 316 nno
630 253 908 319 uciuouuo.
1218 291 1256 362 7¹
1289 305 1305 351 ἧ.

190 436 289 514 video
314 456 390 514 esse
415 441 622 532 eiusmodi,
650 463 696 518 ut
720 444 976 518 incursionem
1009 442 1135 546 potius
1169 442 1264 516 sedi-

187 560 310 650 tionis,
347 562 424 635 vim
449 563 729 648 multitudinis,
765 564 954 676 imPetum
990 566 1261 653 tribunicium,

117 648 120 754 i
183 708 296 781 quam
317 682 509 758 iudicium
526 685 800 790 appellandum
818 706 961 789 putem.
1013 688 1158 783 Quodsi
1176 689 1262 790 quis

133 833 135 838 ·
179 801 279 877 ’illud
316 804 506 881 iudicium
537 810 725 911 appellet,
763 828 891 883 tamen
928 807 1000 882 hoo
1034 810 1262 883 confiteatur

160 938 324 1003 successe
349 948 416 1018 est,
449 931 558 1004 nullo
586 929 838 1006 modo‘illam
873 933 1051 1020 multam,
1074 959 1185 1034 ‘quae
1211 933 1259 1005 ab
1293 980 1294 987 κ

176 1049 292 1124 Iunio
328 1051 448 1155 petita
481 1051 545 1140 sit,
582 1079 671 1126 cum
702 1052 872 1127 Cluentii
909 1079 1018 1125 causa
1044 1078 1146 1155 posse
1172 1080 1286 1125 cou-·

175 1173 302 1278 iungi.⁴
321 1176 426 1252 Illud
452 1176 571 1279 igitur
595 1177 806 1252 Iunianum
832 1203 902 1281 per
927 1178 1002 1249 vim
1027 1175 1170 1248 factum
1188 1193 1273 1248 estu

173 1291 287 1408 Bulbi
315 1319 353 1377 et
377 1302 518 1406 Popilii
552 1320 590 1377 et
622 1302 764 1376 Guttae
790 1319 923 1375 contra
941 1299 1163 1388 Cluentium
1180 1326 1259 1373 nou

170 1437 245 1518 est:
276 1421 421 1496 Staieni
453 1421 569 1497 etiam
601 1450 673 1527 pro
708 1421 886 1497 Cluentio
919 1439 982 1494 est.
1031 1419 1256 1511 Videamus,

117 1540 322 1644 ,toccquod
355 1542 464 1617 aliud
499 1525 710 1634 iudicium',
747 1541 852 1644 quod
887 1570 957 1644 pro
982 1542 1160 1619 Cluentio
1191 1546 1256 1635 sit,

169 1669 348 1772 proferre
372 1668 566 1771 possimus·
1001 1767 1003 1770 Α

269 1791 430 1865 Dixitne
464 1788 618 1865 tandem
642 1815 794 1863 causam
819 1791 856 1863 C·
884 1787 1148 1863 Fidiculanius
1173 1791 1257 1863 Fal-

166 1914 279 2004 cula,
303 1915 372 2016 qui
398 1916 660 2020 Oppianicum
684 1912 975 2001 condemnarat,
1005 1939 1130 2014 quum
1149 1939 1259 2016 prae·

165 2036 310 2124 sertim,
336 2034 376 2109 id
392 2038 497 2138 quod
514 2037 591 2112 fuit
604 2039 646 2112 in
665 2038 733 2112 illo
750 2036 894 2111 iudicio
913 2029 1255 2128 invidiosissimum,
1292 2110 1296 2113 .

128 2171 311 2262 15paucos
349 2157 428 2232 dies
457 2184 503 2230 ex
545 2159 816 2232 subsortitione
851 2157 1022 2231 sedisset?
1054 2159 1185 2249 Dixit,
1218 2180 1256 2235 et

166 2281 227 2355 bis
252 2279 410 2383 quidem
437 2280 543 2356 dixit.
593 2286 640 2354 In
657 2281 961 2354 summamenim
986 2283 1026 2352 L.
1048 2266 1256 2376 Quinctius

167 2402 357 2482 invidiam
380 2403 630 2479 concionibus
663 2429 753 2476 eum
785 2401 1040 2504 quotidianis,
1072 2405 1256 2488 seditiosis

164 2531 204 2602 et
231 2527 466 2605 turbulentis
501 2525 722 2600 adduxerat·
785 2527 871 2598 Uno
893 2525 1036 2599 iudicio
1054 2530 1175 2602 multa
1201 2548 1256 2604 est

164 2655 215 2729 ab
240 2680 284 2728 eo
311 2654 450 2758 petita,
475 2651 575 2726 sicut
601 2650 649 2723 ab
675 2651 809 2743 Iunio,
842 2647 947 2749 quod
975 2677 1052 2722 nou
1075 2677 1164 2723 suae
1191 2650 1252 2722 de-

127 2779 299 2854 cocuriae
332 2777 513 2864 munere,
558 2800 684 2877 neque
720 2800 765 2848 ex
799 2775 890 2876 lege,
912 2772 1073 2847 sedisset.
1132 2774 1251 2846 Paulo

149 2900 351 2977 sedatiore
380 2920 549 3004 tempore
574 2917 628 2974 est
652 2916 855 2984 accusatus,
881 2923 998 2997 quam
1016 2896 1161 2984 lunius,
1179 2895 1251 2970 sed

164 3025 299 3100 eadem
334 3025 412 3098 fere
445 3027 525 3125 lege
558 3043 597 3098 et
620 3021 791 3096 crimine.
842 3022 943 3118 Quia
977 3022 1086 3094 nulla
1120 3021 1161 3093 iu
1193 3020 1250 3095 iu·

163 3147 268 3224 dicio
294 3147 428 3223 seditio
454 3173 580 3248 neque
603 3147 658 3221 vis
684 3172 753 3218 nec
780 3145 894 3219 turba
908 3164 1050 3217 versata
1076 3164 1143 3233 est,
1171 3147 1250 3248 pri-

165 3299 226 3346 ma
255 3272 404 3346 actione
440 3271 621 3345 facillime
645 3287 700 3342 est
724 3267 927 3340 absolutus.
976 3267 1062 3339 Non
1087 3293 1249 3341 numero

130 3395 267 3472 25hanc
290 3394 579 3471 absolutionem.
631 3391 892 3468 Nihilominus
910 3390 1021 3466 enim
1045 3409 1178 3494 potest,
1203 3407 1252 3468 ut

248 3614 278 3678 5.
301 3636 319 3674 e
342 3614 430 3676 lunio
515 3615 566 3675 23.
588 3611 820 3696 nequessturba,

233 3802 260 3856 3.
279 3801 325 3866 qui
348 3797 542 3871 A'Bdesgqe
578 3800 604 3854 5.
622 3796 655 3848 ab
673 3797 756 3849 ABG
791 3796 876 3849 alto
917 3802 940 3851 8.
959 3797 1057 3864 Popilii
1076 3795 1247 3867 Ab’dsssgl·

163 3885 200 3923 νε
219 3870 330 3938 Popillii
344 3871 449 3938 Roulg,
486 3871 625 3919 GuctaeA.
662 3877 795 3936 9.estom.
811 3866 1247 3936 defghiltlnoydecqxluv

165 3939 322 4009 toctquod
349 3938 625 4010 ABcdefglznov.
700 3957 738 3992 ιι,
757 3954 898 4005 possumus
915 3940 944 3993 A.
1002 3956 1038 3990 tu.
1059 3938 1246 3990 Fidiculanius

164 4013 392 4085 Clvlssetseqq.
474 4010 648 4061 Fidiculanus
679 4006 1049 4078 ABcdafglzvdquuu
1075 4007 1120 4070 (de
1140 4009 1244 4058 Oxonn.
1329 4040 1332 4047 ι
1363 4009 1367 4018 ’

163 4084 360 4143 nonconstat)
435 4083 473 4132 15.
499 4090 562 4150 post
583 4095 682 4148 paucos
711 4079 892 4147 (Ιίοεικλμν
978 4082 1016 4130 ιδ.
1036 4079 1121 4130 multa
1140 4077 1165 4130 lt.
1186 4079 1205 4132 l.
1225 4077 1253 4128 0

163 4169 258 4207 rursus
276 4149 378 4226 deficit.
450 4153 490 4205 23.
511 4167 562 4204 nec
580 4147 660 4203 turba
678 4149 730 4202 AB
749 4165 839 4218 nequo
856 4146 935 4203 turba
951 4150 976 4202 Ii
982 4151 1007 4200 0
1071 4174 1072 4178 1
