2736 4696
164 281 233 378 ¹9⁶
573 242 819 327 annonario

157 459 266 526 dama
309 453 475 518 Consulum
496 453 620 513 omnino
651 448 748 511 rarius
777 456 822 508 est
855 442 894 507 ad
926 441 1074 528 populum
1102 439 1234 502 referre:

157 567 211 629 sed
237 563 357 648 siquid
381 560 609 624 deliberandum
632 554 863 640 proposuerint,
891 562 957 612 tum
986 571 1050 611 non
1079 545 1237 609 minusad

156 673 320 757 populum,
351 650 443 755 quam
473 671 506 729 in
526 676 631 729 senatu
652 685 703 725 eos
723 665 834 742 restire
854 661 1011 724 existimo:
1033 655 1118 738 quod
1136 656 1235 718 Erne-

157 787 214 845 stio
235 792 264 844 et
285 781 450 842 Garatonio
470 779 542 838 item
562 773 732 836 videbatur.

236 922 297 1006 96,
324 922 351 982 3.
363 916 531 1005 pharonem]
573 915 755 976 Garatonius
791 910 956 972 multorum
983 905 1133 968 librorum
1162 905 1236 965 scri·

153 1044 275 1116 pturam
302 1043 443 1116 pacatum
472 1025 630 1109 probavit:
668 1021 840 1095 immerito,
869 1019 993 1100 opinor:
1028 1033 1102 1072 nam
1123 1012 1187 1072 irae
1205 1022 1236 1071 et

153 1138 327 1198 inimicitiae
356 1136 475 1216 potius,
495 1118 650 1211 tamquam
678 1125 845 1187 contrariae
867 1122 939 1182 huic
960 1119 1063 1201 populi
1085 1117 1236 1208 tranquil.

151 1245 235 1307 litati
246 1242 421 1325 cogitandae
445 1250 539 1317 sunt,
574 1257 665 1319 quam
686 1235 832 1296 clamores
863 1241 894 1291 et
922 1226 1090 1303 tumultus,
1123 1225 1235 1307 quibus

151 1351 260 1413 sedatis
279 1359 359 1410 recte
375 1360 500 1432 pacatas
520 1345 693 1407 diceretur:
715 1343 805 1404 etiam
828 1335 1060 1421 praestantiores
1079 1331 1233 1415 libripla'-

149 1468 249 1517 catum
268 1463 403 1515 tuentur.

236 1613 283 1652 ιι.
306 1588 452 1672 aliomm]
509 1589 591 1653 Haec
610 1586 742 1649 Ernestii
768 1583 937 1647 emendatio
958 1593 1021 1644 tam
1043 1592 1123 1643 certa
1146 1579 1233 1642 nobis

110 1686 113 1697 ’
149 1711 180 1762 et
199 1696 365 1760 n'ecessaria
385 1697 556 1773 videbatur,
577 1707 612 1756 ut
632 1695 789 1756 admittere
805 1714 872 1753 eam
890 1712 952 1752 non
971 1689 1230 1751 dubitaverimus:

147 1806 283 1883 illorum,
307 1804 360 1864 ubi
384 1813 465 1864 certa
486 1801 570 1863 nulla
591 1801 701 1862 iudicia
722 1801 910 1880 cogitantur,
931 1806 998 1858 tum
1018 1800 1110 1859 etiam
1131 1797 1230 1857 statim

148 1920 293 1992 sequente
323 1910 381 1997 illo
403 1908 513 1972 iudicio
533 1906 675 1982 Iuniano,
697 1905 783 1967 nullo
803 1903 895 1965 modo
917 1903 1074 1964 serendum
1098 1915 1174 1972 erat.
1192 1939 1232 1954 -

147 2017 289 2078 Ceterum
311 2001 469 2099 respicitur
490 2015 523 2076 h.
546 2014 570 2076 l.
590 2014 674 2075 locus
696 2016 726 2074 in
748 2015 837 2076 Vera.
860 2012 933 2073 Act.
944 2013 970 2076 1.
984 2034 1012 2074 c.
1029 2014 1076 2074 ιδ.
1089 2010 1141 2087 38,
1158 2012 1209 2094 39.

228 2176 287 2239 97,
314 2152 360 2220 ι8.
386 2156 414 2215 si
440 2155 516 2238 quid
542 2156 706 2240 aliquando
728 2177 787 2216 non
807 2176 880 2240 opus
901 2153 1024 2215 essetab
1048 2174 1080 2214 sc
1099 2174 1159 2212 esse
1178 2149 1227 2212 dr·-

144 2258 237 2342 cmm]
288 2260 337 2321 Sic
372 2261 554 2321 restituimus
582 2259 709 2344 probam
742 2260 921 2339 lectionem,
954 2281 1045 2343 quam
1080 2258 1225 2338 Orellius,

70 2368 72 2376 ’
145 2366 312 2428 Garatonio
343 2365 456 2427 frustra
491 2379 634 2428 monente
664 2368 855 2449 repudiavitr
893 2367 945 2428 sed
972 2368 1068 2429 altera
1096 2367 1168 2428 illa:
1200 2368 1241 2427 si·

138 2473 221 2558 'quid
238 2467 400 2558 aliquando
422 2476 504 2559 qrrod
519 2497 579 2537 non
599 2494 672 2560 opus
695 2490 776 2551 esset,
803 2477 841 2536 ab
860 2498 891 2536 se
910 2490 982 2537 esset
999 2476 1127 2551 dmnon,
1151 2494 1227 2557 quae

142 2583 275 2681 primum
309 2580 340 2640 in
371 2579 419 2640 ed.
455 2581 577 2641 Iuntina
605 2592 744 2663 apparet,
771 2580 848 2642 nihil
872 2583 930 2641 nisi
964 2582 1138 2640 coniectura
1164 2597 1226 2638 csso

77 2740 79 2745 .
143 2687 276 2749 videtur.
326 2684 369 2747 At
400 2697 514 2768 quanto
549 2687 685 2749 festivius
709 2687 785 2749 illud
805 2687 920 2748 dictum
940 2697 1003 2748 esta
1025 2687 1054 2745 si
1074 2686 1153 2771 quid
1168 2705 1225 2747 non

142 2811 215 2866 opus
241 2805 351 2863 erecta
372 2815 403 2853 se
430 2815 489 2854 erse
523 2793 656 2873 dietram3
692 2805 778 2877 grata
802 2792 934 2877 quadam
968 2791 1112 2874 levitate,
1140 2795 1224 2877 qnasi

149 2900 233 2980 quod
264 2899 355 2960 semel
385 2899 501 2962 dictum
535 2914 600 2981 est,
635 2904 765 2985 perinde
798 2905 889 2964 etiam
919 2922 983 2963 non
1022 2901 1138 2964 dictum
1163 2923 1226 2964 esse

142 3016 253 3088 posset.
270 3040 312 3055 -
353 3008 424 3067 Mox
443 3031 476 3069 v.
497 3028 548 3069 no.
571 3030 633 3070 non
656 3011 757 3070 minus
778 3008 942 3070 necessarie
965 3017 1036 3068 ante
1056 3029 1223 3090 pronomen

140 3113 220 3196 quid
237 3133 272 3174 ex
292 3115 415 3194 optimis
434 3112 520 3175 libris
537 3116 565 3173 si
584 3114 767 3192 addidimus,
788 3114 871 3196 quod
891 3115 922 3175 in
941 3113 1066 3197 reliquis
1085 3116 1223 3176 omnibus

140 3218 248 3281 ultima
268 3217 384 3301 syllaba
403 3216 568 3299 particulae
586 3220 672 3302 quasi
690 3218 865 3300 absorptum
887 3229 963 3278 erat.
1009 3217 1080 3278 Non
1102 3239 1223 3301 possum

141 3328 214 3389 satis
244 3327 347 3386 mirari
378 3326 526 3386 incuriam
547 3323 683 3383 omnium
710 3323 860 3383 editorum
887 3334 1008 3404 praeter
1027 3325 1221 3404 Lambinum,

77 3434 82 3444 ’
141 3454 195 3518 qur
216 3431 297 3494 solus
330 3432 440 3493 veteris
467 3432 633 3515 scripturae
652 3427 859 3491 difficultatem
882 3432 973 3492 sensit
994 3442 1078 3492 etex
1100 3434 1221 3517 ingenio

139 3559 196 3601 suo
216 3541 341 3618 amovit,
374 3538 456 3622 quod
482 3539 627 3619 rescripto
655 3558 713 3619 pro
732 3537 818 3621 qaid.
857 3537 950 3599 Unde
970 3539 1221 3625 enimpendeant

139 3646 211 3709 illa:
248 3647 324 3730 quid
347 3669 368 3706 a
395 3645 479 3706 nobis
511 3645 622 3706 dictum
646 3659 699 3705 ortt
728 3659 828 3705 actum
847 3647 908 3705 sit?
948 3644 1068 3707 Scilicet
1089 3645 1130 3707 ab
1150 3646 1217 3733 lpas·

139 3754 291 3817 hondmcm
319 3754 463 3814 mamonis
489 3773 549 3813 non
574 3752 846 3835 comprehendatur.
907 3751 966 3813 Sed
1001 3755 1027 3814 si
1053 3774 1218 3836 pronomen

138 3861 214 3946 quid
243 3880 299 3942 pro
328 3860 543 3940 interrogativo
573 3861 730 3938 accipitur,
773 3857 867 3940 (quod
897 3879 1002 3920 sensus
1029 3868 1133 3923 tamen
1163 3863 1217 3922 mi·

137 3969 221 4029 nime
241 3969 365 4050 patitur)
400 3965 563 4046 quomodo,
586 3985 709 4046 quaeso,
730 3964 766 4024 id
783 3977 882 4046 potest
902 3965 1034 4027 subiici?
1076 3968 1216 4046 Quonam

23 4104 30 4121 ·
138 4072 261 4136 tandem
293 4072 375 4136 istud
402 4071 438 4132 id
463 4071 502 4132 ab
525 4069 739 4152 interpretibus
759 4068 888 4134 relatum
910 4076 980 4135 cst?
999 4107 1040 4120 -
1082 4074 1216 4138 Omnino
