2736 4696
137 294 207 366 ⁴160
495 336 498 340 .
549 278 799 344 annonario

134 483 228 533 sumo.
259 469 375 546 ¹(lutare
402 466 477 530 illud
498 489 560 528 non
588 467 741 528 oscitantis
767 465 882 527 librarii
903 466 1062 524 inventum
1084 481 1151 524 esse
1173 461 1222 520 vi·

135 577 277 651 debatur,
297 576 380 659 quod
403 585 541 636 constans
564 570 835 634 iureconsultorum
856 593 927 632 usus
949 569 1083 653 probum
1103 578 1134 629 et
1165 589 1222 628 au-
1253 651 1256 656 .

135 688 255 767 tiquum
274 704 337 746 esse
356 693 493 745 testatur.

219 823 283 902 25,
308 846 336 884 ι.
359 825 439 884 cuius
454 820 573 908 filium]
617 820 661 880 Ex
683 820 868 901 optimorum
889 817 977 879 codd.
1002 816 1108 900 etpal.
1121 815 1219 876 Taur.

136 955 281 994 consensu
314 933 477 1014 ingenuam
506 932 685 1009 scripturam
716 929 920 1004 restituimus,
938 946 1030 1007 quam
1050 944 1222 1007 pronomen

136 1062 203 1100 euin
221 1042 309 1101 initio
351 1036 526 1125 apodoseos¹
548 1038 679 1117 positum
712 1037 880 1095 necessario
914 1031 1038 1114 flagitat·
1094 1031 1223 1112 Vulgati

135 1151 246 1209 errorIs
265 1155 368 1231 (quum
381 1145 457 1218 eius)
476 1165 565 1204 causa
589 1145 620 1203 in
637 1143 827 1203 coniunctivo
835 1143 957 1222 faceret
975 1141 1071 1220 posita
1091 1159 1159 1199 esse
1176 1141 1224 1200 vi-

137 1255 249 1331 detur,
268 1255 321 1335 qui
341 1263 443 1313 tamen
465 1251 592 1334 eleganti
613 1262 644 1312 et
664 1251 734 1311 satis
750 1259 824 1311 noto
845 1266 900 1309 usu
921 1268 1089 1330 pronomen
1118 1246 1224 1306 relati-

139 1360 394 1441 rumsequitur,
425 1359 479 1419 ubi
499 1361 546 1420 vis
566 1360 787 1418 coniunctionis
807 1378 894 1441 qirnm
917 1357 947 1417 in
970 1377 1006 1416 eo
1028 1355 1123 1434 latet3
1151 1355 1224 1416 ride

142 1467 233 1527 modo
252 1489 281 1527 c.
309 1465 354 1534 15.
376 1465 425 1547 4ο.
445 1466 481 1530 L.
499 1466 644 1543 Clodius,
664 1467 720 1550 qui
738 1478 942 1550 properaret,
967 1464 1104 1541 cuifcsra
1131 1463 1226 1524 nuilla

136 1588 290 1634 restarent.

221 1696 252 1777 4.
274 1719 334 1759 non
353 1700 439 1780 louge
455 1699 558 1758 animo
574 1699 776 1781 prosperrime]
802 1696 915 1757 Addita
938 1721 972 1759 ex
997 1692 1221 1782 optimisMSS.

135 1800 296 1887 negatione
324 1828 428 1868 veram
449 1807 541 1867 huius
569 1805 627 1866 loci
647 1809 794 1866 rationem
817 1816 1015 1866 restauratam
1041 1801 1106 1868 esse
1127 1807 1225 1868 confi-

137 1911 248 1992 dimus,
279 1914 364 1973 cuius
389 1914 435 1973 vis
463 1912 493 1971 in
516 1933 552 1972 eo
578 1915 724 1991 cernitur,
743 1923 778 1972 ut
798 1914 959 1996 Oppianici
983 1913 1110 1973 audacia
1133 1916 1224 1975 etiam

137 2023 340 2082 cautissimam
361 2021 552 2104 prudentiam
573 2019 694 2081 elusisse
715 2021 901 2088 ostendatur.
929 2020 1009 2082 Illud
1029 2023 1124 2104 igitur
1138 2022 1225 2083 initio

136 2129 237 2210 posuit
266 2137 386 2188 orator:
415 2127 499 2211 Quid
509 2127 547 2188 de
566 2128 735 2213 Oppianico
747 2128 910 2213 suspicatus
928 2132 967 2190 sic
979 2129 1116 2211 Magius,
1137 2129 1223 2190 vide-

136 2236 193 2296 tis:
218 2234 295 2319 quid
321 2233 514 2314 iudicaverit,
546 2236 699 2295 obscurum
723 2257 782 2295 non
806 2250 849 2296 est
873 2237 905 2296 h.
929 2258 956 2296 e.
976 2238 1047 2296 satis
1069 2257 1141 2296 eum
1164 2239 1223 2297 im-

136 2320 283 2400 minentia
303 2338 436 2421 pericula
455 2340 633 2422 providisse,
649 2344 775 2424 quisque
798 2342 994 2403 contenderit.
1019 2342 1101 2402 Tum
1110 2355 1221 2420 autem,

136 2458 172 2508 ut
205 2459 359 2530 appareat,
386 2459 535 2530 quantum
567 2450 736 2533 Oppianici·
757 2453 842 2511 furor
876 2451 1043 2534 quamlibet
1075 2453 1223 2515 cautelam

136 2555 254 2614 irritam
268 2553 438 2633 fecerit‚sic
458 2556 571 2636 pergit:
600 2556 686 2640 (laid
695 2556 884 2641 Oppianicus
894 2560 1020 2638 spuerit,
1039 2569 1201 2643 cognoscite
1209 2567 1223 2622 !

138 2659 212 2744 (hoc
239 2664 319 2722 euim
337 2658 428 2722 nemo
446 2673 579 2724 vestrum
603 2666 813 2746 suspicabitur)
834 2681 865 2749 ut
896 2667 981 2726 illum
1007 2667 1149 2750 Magium
1173 2672 1220 2730 in-

138 2767 281 2847 telligatis
302 2789 369 2828 non·
399 2769 484 2850 longe
510 2772 616 2831 animo
637 2773 829 2855 praelusisse
842 2775 1032 2834 morientem:
1057 2798 1130 2836 nam
1153 2799 1219 2861 pro·

137 2877 233 2957 spexit
259 2896 330 2936 sane
363 2875 446 2957 quod
473 2874 623 2936 instabat:
648 2877 701 2937 sed
723 2899 786 2937 non
816 2877 905 2960 longe
925 2882 1093 2962 prospexit,
1118 2895 1149 2944 et
1172 2905 1222 2944 su·

137 2985 230 3066 spicio
258 2984 321 3043 eius
343 2985 483 3065 quamvis
508 2985 610 3061 iusta,
641 2995 743 3046 tamen
772 3007 834 3046 non
858 2989 930 3048 satis
955 2988 1085 3070 provida
1116 2991 1174 3053 suit
1191 2993 1221 3051 in

142 3090 197 3152 tali
221 3089 358 3151 audacia.

139 3314 142 3320 ᾗ
222 3251 274 3291 nr.
296 3227 426 3291 Asuvii:
449 3229 528 3292 hauc
548 3234 680 3294 nominis
704 3233 832 3296 sormam
852 3236 989 3298 dedimus
1007 3260 1042 3300 ex
1066 3260 1221 3325 compara·

138 3343 225 3401 tione
241 3337 564 3420 praestantissimorum
577 3339 724 3401 librorum
736 3364 745 3419 3
759 3343 791 3402 h.
812 3343 834 3404 l.
855 3346 976 3426 quidem
995 3347 1023 3407 A
1037 3359 1069 3409 et
1082 3349 1222 3411 Bnomen

139 3450 296 3524 omittunt,
309 3465 410 3504 errore
431 3442 514 3504 haud
532 3443 642 3522 dubie3
668 3447 719 3507 sed
741 3470 808 3508 mox
823 3451 919 3532 prati,
939 3433 1222 3536 11.'uterque‚sicut

139 3565 169 3617 et
187 3556 305 3631 Taum,
334 3555 433 3634 primo
450 3573 521 3613 casu
536 3554 645 3615 diserte
666 3556 795 3616 Asuvius
835 3559 993 3621 exhibent:
1024 3564 1176 3644 genitivus
1193 3565 1221 3620 in

137 3662 231 3726 Taur.
252 3661 330 3722 Asci
345 3659 394 3720 vel
417 3659 514 3720 Asuui
541 3661 693 3742 scribitur,
726 3666 758 3724 in
798 3668 907 3727 nostris
930 3668 1048 3730 duobus
1065 3671 1153 3730 Ascii
1178 3666 1221 3732 vel

136 3770 263 3848 Araiai,
301 3769 384 3851 quod
421 3769 526 3830 eodem
549 3771 651 3849 redit3
681 3775 761 3835 Asai
793 3787 894 3835 autem
920 3788 965 3837 est
991 3799 1008 3837 a
1037 3781 1221 3839 nominativo

137 3871 259 3940 Asicius}
284 3899 355 3937 uam
376 3911 405 3924 -·
420 3877 484 3938 idm
503 3889 579 3938 et—
595 3883 678 3940 avim
695 3884 725 3942 in
759 3889 917 3947 nominum
941 3887 1154 3947 terminatione
1179 3888 1219 3945 iu·

136 3998 184 4046 ter
208 4006 240 4045 se
266 3995 510 4045 commutantur:
535 3986 622 4066 ,quod
655 3985 735 4046 idem
763 3987 798 4047 fit
826 3993 858 4050 in
894 3991 1046 4070 Pacuvio,
1075 3997 1218 4070 Lanuvio,

138 4092 299 4154 similibus.
