<?xml version="1.0" encoding="UTF-8"?>
<!DOCTYPE html PUBLIC "-//W3C//DTD XHTML 1.0 Transitional//EN"
    "http://www.w3.org/TR/xhtml1/DTD/xhtml1-transitional.dtd">
<html xmlns="http://www.w3.org/1999/xhtml" xml:lang="en" lang="en">
 <head>
  <title>
</title>
<meta http-equiv="Content-Type" content="text/html;charset=utf-8" />
  <meta name='ocr-system' content='tesseract 3.04.00' />
  <meta name='ocr-capabilities' content='ocr_page ocr_carea ocr_par ocr_line ocrx_word'/>
</head>
<body>
  <div class='ocr_page' id='page_1' title='image "./mtulliiciceroni00clasgoog_0182.png"; bbox 0 0 2736 4696; ppageno 0'>
   <div class='ocr_carea' id='block_1_1' title="bbox 593 233 1225 313">
    <p class='ocr_par' dir='ltr' id='par_1_1' title="bbox 593 233 1225 313">
     <span class='ocr_line' id='line_1_1' title="bbox 593 233 1225 313; baseline 0 -20"><span class='ocrx_word' id='word_1_1' title='bbox 593 233 770 295; x_wconf 74' lang='lat' dir='ltr'><strong>curres.</strong></span> <span class='ocrx_word' id='word_1_2' title='bbox 809 278 816 287; x_wconf 86' lang='lat'><strong>.</strong></span> <span class='ocrx_word' id='word_1_3' title='bbox 954 258 962 277; x_wconf 80' lang='lat'><em>,</em></span> <span class='ocrx_word' id='word_1_4' title='bbox 1153 234 1225 313; x_wconf 49' lang='grc' dir='ltr'><strong>155Ι</strong></span> 
     </span>
    </p>
   </div>
   <div class='ocr_carea' id='block_1_2' title="bbox 133 417 1299 3410">
    <p class='ocr_par' dir='ltr' id='par_1_2' title="bbox 133 417 1230 1362">
     <span class='ocr_line' id='line_1_2' title="bbox 133 417 1223 504; baseline -0.003 -24"><span class='ocrx_word' id='word_1_5' title='bbox 133 417 292 497; x_wconf 73' lang='lat' dir='ltr'><strong>«Iefia&#39;saem</strong></span> <span class='ocrx_word' id='word_1_6' title='bbox 324 439 351 480; x_wconf 85' lang='lat' dir='ltr'><strong>c.</strong></span> <span class='ocrx_word' id='word_1_7' title='bbox 371 417 422 504; x_wconf 84' lang='lat'><strong>57.</strong></span> <span class='ocrx_word' id='word_1_8' title='bbox 449 417 527 502; x_wconf 79' lang='lat' dir='ltr'><strong>r&#39;67:</strong></span> <span class='ocrx_word' id='word_1_9' title='bbox 558 419 652 479; x_wconf 72' lang='lat' dir='ltr'><strong>onnus</strong></span> <span class='ocrx_word' id='word_1_10' title='bbox 672 419 836 479; x_wconf 74' lang='lat' dir='ltr'><strong>mitiorem</strong></span> <span class='ocrx_word' id='word_1_11' title='bbox 856 427 886 477; x_wconf 85' lang='lat' dir='ltr'><strong>et</strong></span> <span class='ocrx_word' id='word_1_12' title='bbox 904 436 996 500; x_wconf 78' lang='lat' dir='ltr'><strong>opem</strong></span> <span class='ocrx_word' id='word_1_13' title='bbox 1011 418 1111 501; x_wconf 77' lang='lat' dir='ltr'><strong>posito</strong></span> <span class='ocrx_word' id='word_1_14' title='bbox 1128 417 1168 475; x_wconf 87' lang='lat' dir='ltr'><strong>sit</strong></span> <span class='ocrx_word' id='word_1_15' title='bbox 1189 418 1223 477; x_wconf 79' lang='lat' dir='ltr'><strong>io</strong></span> 
     </span>
     <span class='ocr_line' id='line_1_3' title="bbox 134 521 1222 610; baseline -0.004 -23"><span class='ocrx_word' id='word_1_16' title='bbox 134 527 292 587; x_wconf 75' lang='lat' dir='ltr'><strong>hominum</strong></span> <span class='ocrx_word' id='word_1_17' title='bbox 317 527 459 610; x_wconf 71' lang='lat' dir='ltr'><strong>periculis</strong></span> <span class='ocrx_word' id='word_1_18' title='bbox 487 525 697 605; x_wconf 59' lang='lat' dir='ltr'><strong>deffendenda,</strong></span> <span class='ocrx_word' id='word_1_19' title='bbox 728 544 789 606; x_wconf 89' lang='lat' dir='ltr'><strong>quo</strong></span> <span class='ocrx_word' id='word_1_20' title='bbox 809 521 878 584; x_wconf 87' lang='lat' dir='ltr'><strong>loco</strong></span> <span class='ocrx_word' id='word_1_21' title='bbox 900 522 974 584; x_wconf 87' lang='lat' dir='ltr'><strong>item</strong></span> <span class='ocrx_word' id='word_1_22' title='bbox 992 525 1144 583; x_wconf 65' lang='lat' dir='ltr'><strong>tomum</strong></span> <span class='ocrx_word' id='word_1_23' title='bbox 1164 544 1222 605; x_wconf 91' lang='lat' dir='ltr'><strong>pro</strong></span> 
     </span>
     <span class='ocr_line' id='line_1_4' title="bbox 135 627 1230 716; baseline -0.007 -21"><span class='ocrx_word' id='word_1_24' title='bbox 135 633 225 716; x_wconf 75' lang='lat' dir='ltr'><strong>vulg.</strong></span> <span class='ocrx_word' id='word_1_25' title='bbox 245 634 378 696; x_wconf 74' lang='lat' dir='ltr'><strong>omnim</strong></span> <span class='ocrx_word' id='word_1_26' title='bbox 399 630 578 710; x_wconf 79' lang='lat' dir='ltr'><strong>recepimus.</strong></span> <span class='ocrx_word' id='word_1_27' title='bbox 590 662 630 676; x_wconf 73' lang='grc'><strong>«-</strong></span> <span class='ocrx_word' id='word_1_28' title='bbox 669 629 731 712; x_wconf 79' lang='lat' dir='ltr'><strong>Qui</strong></span> <span class='ocrx_word' id='word_1_29' title='bbox 748 648 803 710; x_wconf 92' lang='lat' dir='ltr'><strong>pro</strong></span> <span class='ocrx_word' id='word_1_30' title='bbox 824 649 927 714; x_wconf 83' lang='lat' dir='ltr'><strong>quum,</strong></span> <span class='ocrx_word' id='word_1_31' title='bbox 947 627 1030 710; x_wconf 85' lang='lat' dir='ltr'><strong>quod</strong></span> <span class='ocrx_word' id='word_1_32' title='bbox 1046 627 1230 688; x_wconf 66' lang='lat' dir='ltr'><strong>iambicus¹</strong></span> 
     </span>
     <span class='ocr_line' id='line_1_5' title="bbox 136 739 1221 824; baseline -0.006 -22"><span class='ocrx_word' id='word_1_33' title='bbox 136 762 263 824; x_wconf 88' lang='lat' dir='ltr'><strong>quoque</strong></span> <span class='ocrx_word' id='word_1_34' title='bbox 286 741 319 800; x_wconf 88' lang='lat' dir='ltr'><strong>in</strong></span> <span class='ocrx_word' id='word_1_35' title='bbox 340 740 429 801; x_wconf 87' lang='lat' dir='ltr'><strong>MSS.</strong></span> <span class='ocrx_word' id='word_1_36' title='bbox 450 741 618 811; x_wconf 80' lang='lat' dir='ltr'><strong>invenerat,</strong></span> <span class='ocrx_word' id='word_1_37' title='bbox 636 749 667 800; x_wconf 88' lang='lat' dir='ltr'><strong>et</strong></span> <span class='ocrx_word' id='word_1_38' title='bbox 688 739 818 798; x_wconf 85' lang='lat' dir='ltr'><strong>maxima</strong></span> <span class='ocrx_word' id='word_1_39' title='bbox 837 759 906 819; x_wconf 84' lang='lat' dir='ltr'><strong>pars</strong></span> <span class='ocrx_word' id='word_1_40' title='bbox 919 747 1093 798; x_wconf 67' lang='lat' dir='ltr'><strong>nostorum</strong></span> <span class='ocrx_word' id='word_1_41' title='bbox 1105 747 1221 815; x_wconf 86' lang='lat' dir='ltr'><strong>tuetur,</strong></span> 
     </span>
     <span class='ocr_line' id='line_1_6' title="bbox 136 846 1229 928; baseline -0.005 -18"><span class='ocrx_word' id='word_1_42' title='bbox 136 851 279 910; x_wconf 86' lang='lat' dir='ltr'><strong>restituta</strong></span> <span class='ocrx_word' id='word_1_43' title='bbox 310 870 384 908; x_wconf 88' lang='lat' dir='ltr'><strong>voce</strong></span> <span class='ocrx_word' id='word_1_44' title='bbox 413 850 566 908; x_wconf 76' lang='lat' dir='ltr'><strong>homiuum</strong></span> <span class='ocrx_word' id='word_1_45' title='bbox 594 869 657 908; x_wconf 87' lang='lat' dir='ltr'><strong>non</strong></span> <span class='ocrx_word' id='word_1_46' title='bbox 687 849 787 907; x_wconf 84' lang='lat' dir='ltr'><strong>minus</strong></span> <span class='ocrx_word' id='word_1_47' title='bbox 810 846 1011 908; x_wconf 86' lang='lat' dir='ltr'><strong>necessariam</strong></span> <span class='ocrx_word' id='word_1_48' title='bbox 1031 855 1088 921; x_wconf 91' lang='lat' dir='ltr'><strong>est,</strong></span> <span class='ocrx_word' id='word_1_49' title='bbox 1124 866 1229 928; x_wconf 87' lang='lat' dir='ltr'><strong>quum.</strong></span> 
     </span>
     <span class='ocr_line' id='line_1_7' title="bbox 136 951 1222 1040; baseline -0.005 -23"><span class='ocrx_word' id='word_1_50' title='bbox 136 967 287 1040; x_wconf 85' lang='lat' dir='ltr'><strong>perpetua</strong></span> <span class='ocrx_word' id='word_1_51' title='bbox 306 957 387 1018; x_wconf 84' lang='lat' dir='ltr'><strong>vitae</strong></span> <span class='ocrx_word' id='word_1_52' title='bbox 407 958 580 1034; x_wconf 42' lang='lat' dir='ltr'><strong>ratius-non</strong></span> <span class='ocrx_word' id='word_1_53' title='bbox 602 956 725 1016; x_wconf 88' lang='lat' dir='ltr'><strong>fortuita</strong></span> <span class='ocrx_word' id='word_1_54' title='bbox 744 954 835 1015; x_wconf 90' lang='lat' dir='ltr'><strong>huius</strong></span> <span class='ocrx_word' id='word_1_55' title='bbox 854 974 962 1014; x_wconf 82' lang='lat' dir='ltr'><strong>causae</strong></span> <span class='ocrx_word' id='word_1_56' title='bbox 979 955 1097 1014; x_wconf 80' lang='lat' dir='ltr'><strong>occasio</strong></span> <span class='ocrx_word' id='word_1_57' title='bbox 1112 951 1222 1034; x_wconf 70' lang='lat' dir='ltr'><strong>&#39;respi-</strong></span> 
     </span>
     <span class='ocr_line' id='line_1_8' title="bbox 137 1058 1222 1148; baseline -0.006 -22"><span class='ocrx_word' id='word_1_58' title='bbox 137 1069 252 1127; x_wconf 87' lang='lat' dir='ltr'><strong>ciatur.</strong></span> <span class='ocrx_word' id='word_1_59' title='bbox 268 1100 304 1115; x_wconf 90' lang='lat'>-</span> <span class='ocrx_word' id='word_1_60' title='bbox 333 1067 474 1148; x_wconf 87' lang='lat' dir='ltr'><strong>Denique</strong></span> <span class='ocrx_word' id='word_1_61' title='bbox 501 1066 686 1144; x_wconf 77' lang='lat' dir='ltr'><strong>defendenda</strong></span> <span class='ocrx_word' id='word_1_62' title='bbox 702 1100 741 1111; x_wconf 94' lang='lat'><strong>—</strong></span> <span class='ocrx_word' id='word_1_63' title='bbox 765 1065 943 1147; x_wconf 70' lang='lat' dir='ltr'><strong>adimgerer</strong></span> <span class='ocrx_word' id='word_1_64' title='bbox 967 1065 1096 1147; x_wconf 88' lang='lat' dir='ltr'><strong>optimos</strong></span> <span class='ocrx_word' id='word_1_65' title='bbox 1127 1058 1222 1121; x_wconf 86' lang='lat' dir='ltr'><strong>libros</strong></span> 
     </span>
     <span class='ocr_line' id='line_1_9' title="bbox 135 1167 1224 1255; baseline -0.003 -24"><span class='ocrx_word' id='word_1_66' title='bbox 135 1175 286 1253; x_wconf 75' lang='lat' dir='ltr'><strong>sequutus</strong></span> <span class='ocrx_word' id='word_1_67' title='bbox 310 1172 469 1253; x_wconf 83' lang='lat' dir='ltr'>rescripsi,</span> <span class='ocrx_word' id='word_1_68' title='bbox 488 1181 651 1254; x_wconf 85' lang='lat' dir='ltr'><strong>utrumque</strong></span> <span class='ocrx_word' id='word_1_69' title='bbox 669 1168 769 1253; x_wconf 87' lang='lat' dir='ltr'><strong>paulo</strong></span> <span class='ocrx_word' id='word_1_70' title='bbox 790 1173 984 1255; x_wconf 78' lang='lat' dir='ltr'><strong>exquisitius,</strong></span> <span class='ocrx_word' id='word_1_71' title='bbox 1026 1191 1117 1254; x_wconf 85' lang='lat' dir='ltr'><strong>quarn</strong></span> <span class='ocrx_word' id='word_1_72' title='bbox 1139 1167 1224 1252; x_wconf 88' lang='lat' dir='ltr'><strong>quod</strong></span> 
     </span>
     <span class='ocr_line' id='line_1_10' title="bbox 138 1278 299 1362; baseline -0.012 -21"><span class='ocrx_word' id='word_1_73' title='bbox 138 1278 299 1362; x_wconf 81' lang='lat' dir='ltr'><strong>vulgatur.</strong></span> 
     </span>
    </p>

    <p class='ocr_par' dir='ltr' id='par_1_3' title="bbox 136 1388 1299 2334">
     <span class='ocr_line' id='line_1_11' title="bbox 228 1388 1299 1474; baseline -0.001 -26"><span class='ocrx_word' id='word_1_74' title='bbox 228 1409 277 1472; x_wconf 87' lang='lat'><strong>19.</strong></span> <span class='ocrx_word' id='word_1_75' title='bbox 298 1388 354 1448; x_wconf 82' lang='lat' dir='ltr'><strong>sed</strong></span> <span class='ocrx_word' id='word_1_76' title='bbox 369 1410 441 1450; x_wconf 80' lang='lat' dir='ltr'><strong>cero</strong></span> <span class='ocrx_word' id='word_1_77' title='bbox 461 1393 502 1450; x_wconf 85' lang='lat' dir='ltr'><strong>sic</strong></span> <span class='ocrx_word' id='word_1_78' title='bbox 521 1389 633 1474; x_wconf 74' lang='lat' dir='ltr'><strong>agibrr]</strong></span> <span class='ocrx_word' id='word_1_79' title='bbox 655 1391 746 1474; x_wconf 74' lang='lat' dir='ltr'><strong>vulg:</strong></span> <span class='ocrx_word' id='word_1_80' title='bbox 768 1392 823 1454; x_wconf 81' lang='lat' dir='ltr'><strong>sed</strong></span> <span class='ocrx_word' id='word_1_81' title='bbox 842 1412 880 1453; x_wconf 81' lang='lat' dir='ltr'><strong>ea</strong></span> <span class='ocrx_word' id='word_1_82' title='bbox 900 1411 971 1452; x_wconf 78' lang='lat' dir='ltr'><strong>uem</strong></span> <span class='ocrx_word' id='word_1_83' title='bbox 989 1391 1034 1450; x_wconf 80' lang='lat' dir='ltr'><strong>sic</strong></span> <span class='ocrx_word' id='word_1_84' title='bbox 1053 1390 1132 1471; x_wconf 77' lang='lat' dir='ltr'><strong>agit.-</strong></span> <span class='ocrx_word' id='word_1_85' title='bbox 1154 1397 1186 1447; x_wconf 87' lang='lat' dir='ltr'><strong>at</strong></span> <span class='ocrx_word' id='word_1_86' title='bbox 1198 1389 1223 1448; x_wconf 88' lang='lat' dir='ltr'><strong>si</strong></span> <span class='ocrx_word' id='word_1_87' title='bbox 1295 1402 1299 1413; x_wconf 63' lang='lat'><em>¹</em></span> 
     </span>
     <span class='ocr_line' id='line_1_12' title="bbox 136 1493 1223 1580; baseline -0.006 -22"><span class='ocrx_word' id='word_1_88' title='bbox 136 1497 198 1558; x_wconf 80' lang='lat' dir='ltr'><strong>ista</strong></span> <span class='ocrx_word' id='word_1_89' title='bbox 220 1496 319 1556; x_wconf 82' lang='lat' dir='ltr'><strong>active</strong></span> <span class='ocrx_word' id='word_1_90' title='bbox 345 1495 531 1557; x_wconf 87' lang='lat' dir='ltr'><strong>enuntianda</strong></span> <span class='ocrx_word' id='word_1_91' title='bbox 561 1497 708 1576; x_wconf 88' lang='lat' dir='ltr'><strong>fuissent,</strong></span> <span class='ocrx_word' id='word_1_92' title='bbox 735 1499 930 1580; x_wconf 84' lang='lat' dir='ltr'><strong>praeteritum</strong></span> <span class='ocrx_word' id='word_1_93' title='bbox 948 1509 1030 1559; x_wconf 86' lang='lat' dir='ltr'><strong>certe</strong></span> <span class='ocrx_word' id='word_1_94' title='bbox 1048 1493 1223 1576; x_wconf 88' lang='lat' dir='ltr'><strong>requireba-</strong></span> 
     </span>
     <span class='ocr_line' id='line_1_13' title="bbox 136 1601 1222 1684; baseline -0.003 -21"><span class='ocrx_word' id='word_1_95' title='bbox 136 1613 192 1663; x_wconf 86' lang='lat' dir='ltr'><strong>tur</strong></span> <span class='ocrx_word' id='word_1_96' title='bbox 223 1603 267 1661; x_wconf 83' lang='lat' dir='ltr'><strong>ric</strong></span> <span class='ocrx_word' id='word_1_97' title='bbox 296 1603 371 1681; x_wconf 83' lang='lat' dir='ltr'><strong>egit:</strong></span> <span class='ocrx_word' id='word_1_98' title='bbox 397 1622 480 1661; x_wconf 91' lang='lat' dir='ltr'><strong>nuuc</strong></span> <span class='ocrx_word' id='word_1_99' title='bbox 499 1601 596 1662; x_wconf 88' lang='lat' dir='ltr'><strong>multo</strong></span> <span class='ocrx_word' id='word_1_100' title='bbox 624 1606 724 1684; x_wconf 89' lang='lat' dir='ltr'><strong>aptius</strong></span> <span class='ocrx_word' id='word_1_101' title='bbox 745 1604 878 1664; x_wconf 90' lang='lat' dir='ltr'><strong>conditio</strong></span> <span class='ocrx_word' id='word_1_102' title='bbox 896 1624 1000 1664; x_wconf 89' lang='lat' dir='ltr'><strong>rerum</strong></span> <span class='ocrx_word' id='word_1_103' title='bbox 1020 1601 1222 1663; x_wconf 81' lang='lat' dir='ltr'><strong>describitur:</strong></span> 
     </span>
     <span class='ocr_line' id='line_1_14' title="bbox 137 1707 1231 1791; baseline 0.001 -22"><span class='ocrx_word' id='word_1_104' title='bbox 137 1711 183 1769; x_wconf 79' lang='lat' dir='ltr'><strong>ric</strong></span> <span class='ocrx_word' id='word_1_105' title='bbox 210 1707 336 1788; x_wconf 78' lang='lat' dir='ltr'><strong>agitur;</strong></span> <span class='ocrx_word' id='word_1_106' title='bbox 368 1727 446 1787; x_wconf 87' lang='lat' dir='ltr'><strong>quac</strong></span> <span class='ocrx_word' id='word_1_107' title='bbox 466 1727 546 1769; x_wconf 82' lang='lat' dir='ltr'><strong>sana</strong></span> <span class='ocrx_word' id='word_1_108' title='bbox 574 1707 632 1768; x_wconf 91' lang='lat' dir='ltr'><strong>loci</strong></span> <span class='ocrx_word' id='word_1_109' title='bbox 655 1711 804 1790; x_wconf 76' lang='lat' dir='ltr'><strong>scriptura</strong></span> <span class='ocrx_word' id='word_1_110' title='bbox 823 1710 862 1770; x_wconf 87' lang='lat' dir='ltr'><strong>ab</strong></span> <span class='ocrx_word' id='word_1_111' title='bbox 881 1711 918 1771; x_wconf 90' lang='lat' dir='ltr'><strong>iis</strong></span> <span class='ocrx_word' id='word_1_112' title='bbox 938 1711 1061 1770; x_wconf 86' lang='lat' dir='ltr'><strong>turbata</strong></span> <span class='ocrx_word' id='word_1_113' title='bbox 1084 1721 1145 1786; x_wconf 89' lang='lat' dir='ltr'><strong>est,</strong></span> <span class='ocrx_word' id='word_1_114' title='bbox 1168 1711 1231 1791; x_wconf 87' lang='lat' dir='ltr'><strong>qui-</strong></span> 
     </span>
     <span class='ocr_line' id='line_1_15' title="bbox 137 1813 1224 1899; baseline 0 -23"><span class='ocrx_word' id='word_1_115' title='bbox 137 1813 305 1899; x_wconf 77' lang='lat' dir='ltr'><strong>perticulas</strong></span> <span class='ocrx_word' id='word_1_116' title='bbox 335 1815 391 1875; x_wconf 81' lang='lat' dir='ltr'><strong>sed</strong></span> <span class='ocrx_word' id='word_1_117' title='bbox 416 1837 488 1878; x_wconf 80' lang='lat' dir='ltr'><strong>vero</strong></span> <span class='ocrx_word' id='word_1_118' title='bbox 507 1817 649 1898; x_wconf 81' lang='lat' dir='ltr'><strong>coniungi</strong></span> <span class='ocrx_word' id='word_1_119' title='bbox 676 1837 762 1898; x_wconf 89' lang='lat' dir='ltr'><strong>posse</strong></span> <span class='ocrx_word' id='word_1_120' title='bbox 785 1820 853 1876; x_wconf 85' lang='lat' dir='ltr'><strong>non</strong></span> <span class='ocrx_word' id='word_1_121' title='bbox 880 1828 1050 1899; x_wconf 82' lang='lat' dir='ltr'><strong>putarunt3</strong></span> <span class='ocrx_word' id='word_1_122' title='bbox 1081 1817 1133 1878; x_wconf 88' lang='lat' dir='ltr'><strong>sed</strong></span> <span class='ocrx_word' id='word_1_123' title='bbox 1161 1839 1224 1877; x_wconf 91' lang='lat' dir='ltr'><strong>non</strong></span> 
     </span>
     <span class='ocr_line' id='line_1_16' title="bbox 139 1923 1224 2007; baseline -0.002 -22"><span class='ocrx_word' id='word_1_124' title='bbox 139 1923 252 1985; x_wconf 87' lang='lat' dir='ltr'><strong>desunt</strong></span> <span class='ocrx_word' id='word_1_125' title='bbox 280 1923 373 1985; x_wconf 88' lang='lat' dir='ltr'><strong>buius</strong></span> <span class='ocrx_word' id='word_1_126' title='bbox 393 1946 464 1986; x_wconf 91' lang='lat' dir='ltr'><strong>usus</strong></span> <span class='ocrx_word' id='word_1_127' title='bbox 486 1925 618 2006; x_wconf 80' lang='lat' dir='ltr'><strong>exempla</strong></span> <span class='ocrx_word' id='word_1_128' title='bbox 640 1925 721 2007; x_wconf 89' lang='lat' dir='ltr'><strong>apud</strong></span> <span class='ocrx_word' id='word_1_129' title='bbox 742 1925 918 1986; x_wconf 83' lang='lat' dir='ltr'><strong>Ciceronem</strong></span> <span class='ocrx_word' id='word_1_130' title='bbox 941 1925 973 1985; x_wconf 94' lang='lat' dir='ltr'><strong>in</strong></span> <span class='ocrx_word' id='word_1_131' title='bbox 993 1925 1077 2006; x_wconf 79' lang='lat' dir='ltr'><strong>gravi</strong></span> <span class='ocrx_word' id='word_1_132' title='bbox 1106 1923 1224 2006; x_wconf 87' lang='lat' dir='ltr'><strong>opposi-</strong></span> 
     </span>
     <span class='ocr_line' id='line_1_17' title="bbox 139 2032 1224 2118; baseline -0.003 -23"><span class='ocrx_word' id='word_1_133' title='bbox 139 2037 225 2096; x_wconf 87' lang='lat' dir='ltr'><strong>tione</strong></span> <span class='ocrx_word' id='word_1_134' title='bbox 245 2055 279 2096; x_wconf 85' lang='lat' dir='ltr'><strong>v.</strong></span> <span class='ocrx_word' id='word_1_135' title='bbox 302 2055 328 2095; x_wconf 82' lang='lat' dir='ltr'><strong>c.</strong></span> <span class='ocrx_word' id='word_1_136' title='bbox 360 2036 451 2096; x_wconf 75' lang='lat' dir='ltr'><strong>Verr.</strong></span> <span class='ocrx_word' id='word_1_137' title='bbox 473 2035 513 2094; x_wconf 87' lang='lat' dir='ltr'><strong>V.</strong></span> <span class='ocrx_word' id='word_1_138' title='bbox 536 2056 565 2095; x_wconf 93' lang='lat' dir='ltr'><strong>c.</strong></span> <span class='ocrx_word' id='word_1_139' title='bbox 584 2034 615 2094; x_wconf 87' lang='lat'><strong>6.</strong></span> <span class='ocrx_word' id='word_1_140' title='bbox 645 2032 702 2112; x_wconf 71' lang='lat'><strong>14:</strong></span> <span class='ocrx_word' id='word_1_141' title='bbox 736 2035 766 2094; x_wconf 92' lang='lat'><em>0</em></span> <span class='ocrx_word' id='word_1_142' title='bbox 787 2036 983 2118; x_wconf 82' lang='lat' dir='ltr'><strong>praeclarum</strong></span> <span class='ocrx_word' id='word_1_143' title='bbox 1003 2036 1224 2116; x_wconf 75' lang='lat' dir='ltr'><strong>imperatorem,</strong></span> 
     </span>
     <span class='ocr_line' id='line_1_18' title="bbox 139 2141 1237 2227; baseline -0.005 -22"><span class='ocrx_word' id='word_1_144' title='bbox 139 2165 194 2205; x_wconf 78' lang='lat' dir='ltr'><strong>nec</strong></span> <span class='ocrx_word' id='word_1_145' title='bbox 221 2144 284 2204; x_wconf 84' lang='lat' dir='ltr'><strong>iam</strong></span> <span class='ocrx_word' id='word_1_146' title='bbox 313 2162 380 2202; x_wconf 73' lang='lat' dir='ltr'><strong>aar:</strong></span> <span class='ocrx_word' id='word_1_147' title='bbox 409 2141 469 2202; x_wconf 90' lang='lat' dir='ltr'><strong>M.’</strong></span> <span class='ocrx_word' id='word_1_148' title='bbox 490 2141 644 2227; x_wconf 70' lang='lat' dir='ltr'><strong>Aquilio,</strong></span> <span class='ocrx_word' id='word_1_149' title='bbox 663 2144 834 2222; x_wconf 66' lang='lat' dir='ltr'><strong>fimbriato</strong></span> <span class='ocrx_word' id='word_1_150' title='bbox 862 2144 952 2221; x_wconf 81' lang='lat' dir='ltr'><strong>viro,</strong></span> <span class='ocrx_word' id='word_1_151' title='bbox 985 2141 1237 2201; x_wconf 76' lang='lat' dir='ltr'><strong>sed&#39;vcrocum-</strong></span> 
     </span>
     <span class='ocr_line' id='line_1_19' title="bbox 141 2237 871 2334; baseline -0.004 -20"><span class='ocrx_word' id='word_1_152' title='bbox 141 2251 272 2326; x_wconf 80' lang='lat' dir='ltr'><strong>Pardlis,</strong></span> <span class='ocrx_word' id='word_1_153' title='bbox 294 2237 493 2334; x_wconf 55' lang='lat' dir='ltr'><strong>deiphobus,</strong></span> <span class='ocrx_word' id='word_1_154' title='bbox 511 2251 871 2331; x_wconf 23' lang='lat' dir='ltr'><strong>Mariti-*corfirendumi</strong></span> 
     </span>
    </p>

    <p class='ocr_par' dir='ltr' id='par_1_4' title="bbox 141 2357 1239 2656">
     <span class='ocr_line' id='line_1_20' title="bbox 224 2357 1228 2443; baseline -0.001 -24"><span class='ocrx_word' id='word_1_155' title='bbox 224 2361 298 2419; x_wconf 80' lang='lat' dir='ltr'><strong>Mox</strong></span> <span class='ocrx_word' id='word_1_156' title='bbox 323 2359 380 2436; x_wconf 73' lang='lat' dir='ltr'><strong>tri,</strong></span> <span class='ocrx_word' id='word_1_157' title='bbox 409 2381 436 2419; x_wconf 90' lang='lat'><strong>1.</strong></span> <span class='ocrx_word' id='word_1_158' title='bbox 459 2361 576 2419; x_wconf 79' lang='lat' dir='ltr'><strong>reticeri</strong></span> <span class='ocrx_word' id='word_1_159' title='bbox 597 2381 652 2442; x_wconf 92' lang='lat' dir='ltr'><strong>pro</strong></span> <span class='ocrx_word' id='word_1_160' title='bbox 673 2381 727 2434; x_wconf 85' lang='lat' dir='ltr'><strong>eo,</strong></span> <span class='ocrx_word' id='word_1_161' title='bbox 751 2357 833 2442; x_wconf 89' lang='lat' dir='ltr'><strong>quod</strong></span> <span class='ocrx_word' id='word_1_162' title='bbox 853 2358 946 2443; x_wconf 84' lang='lat' dir='ltr'><strong>vulgo</strong></span> <span class='ocrx_word' id='word_1_163' title='bbox 967 2359 1086 2420; x_wconf 87' lang='lat' dir='ltr'><strong>editur:</strong></span> <span class='ocrx_word' id='word_1_164' title='bbox 1109 2361 1228 2418; x_wconf 74' lang='lat' dir='ltr'><strong>reticere</strong></span> 
     </span>
     <span class='ocr_line' id='line_1_21' title="bbox 143 2464 1239 2556; baseline 0.002 -30"><span class='ocrx_word' id='word_1_165' title='bbox 143 2487 269 2548; x_wconf 87' lang='lat' dir='ltr'><strong>prorsus</strong></span> <span class='ocrx_word' id='word_1_166' title='bbox 292 2467 493 2527; x_wconf 86' lang='lat' dir='ltr'><strong>necessarium</strong></span> <span class='ocrx_word' id='word_1_167' title='bbox 515 2476 598 2526; x_wconf 89' lang='lat' dir='ltr'><strong>erat:</strong></span> <span class='ocrx_word' id='word_1_168' title='bbox 623 2489 694 2526; x_wconf 88' lang='lat' dir='ltr'><strong>nam</strong></span> <span class='ocrx_word' id='word_1_169' title='bbox 717 2466 791 2548; x_wconf 91' lang='lat' dir='ltr'><strong>quid</strong></span> <span class='ocrx_word' id='word_1_170' title='bbox 809 2468 908 2528; x_wconf 83' lang='lat' dir='ltr'><strong>Sassia</strong></span> <span class='ocrx_word' id='word_1_171' title='bbox 927 2467 1056 2528; x_wconf 79' lang='lat' dir='ltr'><strong>silentio·</strong></span> <span class='ocrx_word' id='word_1_172' title='bbox 1066 2464 1239 2556; x_wconf 63' lang='lat' dir='ltr'><strong>praeterire</strong></span> 
     </span>
     <span class='ocr_line' id='line_1_22' title="bbox 141 2560 630 2656; baseline 0.002 -24"><span class='ocrx_word' id='word_1_173' title='bbox 141 2573 253 2654; x_wconf 84' lang='lat' dir='ltr'><strong>possit,</strong></span> <span class='ocrx_word' id='word_1_174' title='bbox 274 2571 308 2632; x_wconf 91' lang='lat' dir='ltr'><strong>b.</strong></span> <span class='ocrx_word' id='word_1_175' title='bbox 332 2570 355 2632; x_wconf 90' lang='grc' dir='ltr'><strong>Ι.</strong></span> <span class='ocrx_word' id='word_1_176' title='bbox 377 2560 440 2632; x_wconf 81' lang='lat' dir='ltr'><strong>nou</strong></span> <span class='ocrx_word' id='word_1_177' title='bbox 461 2576 630 2656; x_wconf 87' lang='lat' dir='ltr'><strong>quaeritur.</strong></span> 
     </span>
    </p>

    <p class='ocr_par' dir='ltr' id='par_1_5' title="bbox 143 2678 1240 3410">
     <span class='ocr_line' id='line_1_23' title="bbox 225 2678 1229 2766; baseline 0.002 -28"><span class='ocrx_word' id='word_1_178' title='bbox 225 2701 258 2763; x_wconf 91' lang='lat' dir='ltr'><strong>p.</strong></span> <span class='ocrx_word' id='word_1_179' title='bbox 287 2681 343 2755; x_wconf 80' lang='lat'><strong>15,</strong></span> <span class='ocrx_word' id='word_1_180' title='bbox 364 2696 399 2762; x_wconf 83' lang='lat'><strong>9.</strong></span> <span class='ocrx_word' id='word_1_181' title='bbox 423 2702 544 2765; x_wconf 81' lang='lat' dir='ltr'><strong>sperare</strong></span> <span class='ocrx_word' id='word_1_182' title='bbox 560 2678 704 2766; x_wconf 79' lang='lat' dir='ltr'><strong>pctroerit]</strong></span> <span class='ocrx_word' id='word_1_183' title='bbox 756 2708 770 2737; x_wconf 82' lang='lat' dir='ltr'><strong>u</strong></span> <span class='ocrx_word' id='word_1_184' title='bbox 778 2682 864 2742; x_wconf 89' lang='lat' dir='ltr'><strong>Libri</strong></span> <span class='ocrx_word' id='word_1_185' title='bbox 884 2681 973 2742; x_wconf 87' lang='lat' dir='ltr'><strong>MSS.</strong></span> <span class='ocrx_word' id='word_1_186' title='bbox 999 2680 1132 2742; x_wconf 87' lang='lat' dir='ltr'><strong>habent:</strong></span> <span class='ocrx_word' id='word_1_187' title='bbox 1162 2702 1229 2765; x_wconf 58' lang='lat' dir='ltr'><strong>epe*</strong></span> 
     </span>
     <span class='ocr_line' id='line_1_24' title="bbox 143 2772 1229 2872; baseline -0.001 -24"><span class='ocrx_word' id='word_1_188' title='bbox 143 2808 211 2848; x_wconf 86' lang='lat' dir='ltr'><strong>rare</strong></span> <span class='ocrx_word' id='word_1_189' title='bbox 240 2787 390 2872; x_wconf 78' lang='lat' dir='ltr'><strong>potireri‘t:</strong></span> <span class='ocrx_word' id='word_1_190' title='bbox 428 2787 514 2865; x_wconf 32' lang='lat' dir='ltr'><strong>unde.</strong></span> <span class='ocrx_word' id='word_1_191' title='bbox 538 2772 616 2848; x_wconf 88' lang='lat' dir='ltr'><strong>mihi</strong></span> <span class='ocrx_word' id='word_1_192' title='bbox 642 2800 710 2850; x_wconf 87' lang='lat' dir='ltr'><strong>orta</strong></span> <span class='ocrx_word' id='word_1_193' title='bbox 738 2789 869 2871; x_wconf 88' lang='lat' dir='ltr'><strong>suspicio</strong></span> <span class='ocrx_word' id='word_1_194' title='bbox 892 2799 959 2867; x_wconf 83' lang='lat' dir='ltr'><strong>est,</strong></span> <span class='ocrx_word' id='word_1_195' title='bbox 990 2786 1171 2870; x_wconf 81' lang='lat' dir='ltr'><strong>legendum:</strong></span> <span class='ocrx_word' id='word_1_196' title='bbox 1193 2798 1229 2847; x_wconf 90' lang='lat' dir='ltr'><strong>ut</strong></span> 
     </span>
     <span class='ocr_line' id='line_1_25' title="bbox 143 2894 1228 2980; baseline 0.002 -26"><span class='ocrx_word' id='word_1_197' title='bbox 143 2915 240 2978; x_wconf 88' lang='lat' dir='ltr'><strong>neque</strong></span> <span class='ocrx_word' id='word_1_198' title='bbox 273 2905 430 2954; x_wconf 87' lang='lat' dir='ltr'><strong>accusator</strong></span> <span class='ocrx_word' id='word_1_199' title='bbox 457 2897 565 2956; x_wconf 88' lang='lat' dir='ltr'><strong>timere</strong></span> <span class='ocrx_word' id='word_1_200' title='bbox 584 2896 743 2974; x_wconf 85' lang='lat' dir='ltr'><strong>debuerit,</strong></span> <span class='ocrx_word' id='word_1_201' title='bbox 765 2918 865 2979; x_wconf 91' lang='lat' dir='ltr'><strong>neque</strong></span> <span class='ocrx_word' id='word_1_202' title='bbox 884 2917 953 2957; x_wconf 87' lang='lat' dir='ltr'><strong>reus</strong></span> <span class='ocrx_word' id='word_1_203' title='bbox 977 2915 1097 2979; x_wconf 86' lang='lat' dir='ltr'><strong>sperare</strong></span> <span class='ocrx_word' id='word_1_204' title='bbox 1118 2894 1228 2980; x_wconf 76' lang='lat' dir='ltr'><strong>potue-</strong></span> 
     </span>
     <span class='ocr_line' id='line_1_26' title="bbox 145 3000 1227 3090; baseline 0.004 -30"><span class='ocrx_word' id='word_1_205' title='bbox 145 3002 215 3060; x_wconf 72' lang='lat' dir='ltr'><strong>rit«</strong></span> <span class='ocrx_word' id='word_1_206' title='bbox 266 3001 351 3062; x_wconf 86' lang='lat' dir='ltr'><strong>Haec</strong></span> <span class='ocrx_word' id='word_1_207' title='bbox 381 3000 569 3090; x_wconf 80' lang='lat' dir='ltr'><strong>Lambinus:</strong></span> <span class='ocrx_word' id='word_1_208' title='bbox 600 3002 654 3063; x_wconf 89' lang='lat' dir='ltr'><strong>sed</strong></span> <span class='ocrx_word' id='word_1_209' title='bbox 682 3005 855 3064; x_wconf 87' lang='lat' dir='ltr'><strong>coniectura</strong></span> <span class='ocrx_word' id='word_1_210' title='bbox 879 3002 944 3068; x_wconf 85' lang='lat' dir='ltr'><strong>eius</strong></span> <span class='ocrx_word' id='word_1_211' title='bbox 969 3026 1047 3088; x_wconf 90' lang='lat' dir='ltr'><strong>opus</strong></span> <span class='ocrx_word' id='word_1_212' title='bbox 1077 3017 1227 3067; x_wconf 86' lang='lat' dir='ltr'><strong>nonest:</strong></span> 
     </span>
     <span class='ocr_line' id='line_1_27' title="bbox 144 3106 1230 3200; baseline 0.008 -33"><span class='ocrx_word' id='word_1_213' title='bbox 144 3108 220 3170; x_wconf 89' lang='lat' dir='ltr'><strong>nibil</strong></span> <span class='ocrx_word' id='word_1_214' title='bbox 239 3106 323 3169; x_wconf 82' lang='lat' dir='ltr'><strong>enirn</strong></span> <span class='ocrx_word' id='word_1_215' title='bbox 344 3110 491 3191; x_wconf 87' lang='lat' dir='ltr'><strong>impedit‚&#39;</strong></span> <span class='ocrx_word' id='word_1_216' title='bbox 514 3132 576 3193; x_wconf 91' lang='lat' dir='ltr'><strong>quo</strong></span> <span class='ocrx_word' id='word_1_217' title='bbox 598 3113 698 3171; x_wconf 91' lang='lat' dir='ltr'><strong>minus</strong></span> <span class='ocrx_word' id='word_1_218' title='bbox 721 3123 877 3173; x_wconf 88' lang='lat' dir='ltr'><strong>accusator</strong></span> <span class='ocrx_word' id='word_1_219' title='bbox 899 3136 1023 3197; x_wconf 91' lang='lat' dir='ltr'><strong>quoque</strong></span> <span class='ocrx_word' id='word_1_220' title='bbox 1043 3136 1082 3175; x_wconf 89' lang='lat' dir='ltr'><strong>ne</strong></span> <span class='ocrx_word' id='word_1_221' title='bbox 1102 3114 1230 3200; x_wconf 79' lang='lat' dir='ltr'><strong>potuisse</strong></span> 
     </span>
     <span class='ocr_line' id='line_1_28' title="bbox 145 3216 1231 3304; baseline 0.005 -26"><span class='ocrx_word' id='word_1_222' title='bbox 145 3217 275 3299; x_wconf 84' lang='lat' dir='ltr'><strong>quidem·</strong></span> <span class='ocrx_word' id='word_1_223' title='bbox 287 3219 395 3293; x_wconf 83' lang='lat' dir='ltr'><strong>timere</strong></span> <span class='ocrx_word' id='word_1_224' title='bbox 412 3216 453 3277; x_wconf 94' lang='lat' dir='ltr'><strong>ob</strong></span> <span class='ocrx_word' id='word_1_225' title='bbox 474 3217 663 3277; x_wconf 88' lang='lat' dir='ltr'><strong>manifestam</strong></span> <span class='ocrx_word' id='word_1_226' title='bbox 684 3220 727 3278; x_wconf 89' lang='lat' dir='ltr'><strong>rei</strong></span> <span class='ocrx_word' id='word_1_227' title='bbox 748 3219 869 3300; x_wconf 89' lang='lat' dir='ltr'><strong>culpam</strong></span> <span class='ocrx_word' id='word_1_228' title='bbox 889 3232 958 3304; x_wconf 83' lang='lat' dir='ltr'><strong>apte</strong></span> <span class='ocrx_word' id='word_1_229' title='bbox 978 3222 1109 3282; x_wconf 88' lang='lat' dir='ltr'><strong>dicatur.</strong></span> <span class='ocrx_word' id='word_1_230' title='bbox 1141 3224 1231 3284; x_wconf 88' lang='lat' dir='ltr'><strong>Facit</strong></span> 
     </span>
     <span class='ocr_line' id='line_1_29' title="bbox 145 3324 1240 3410; baseline 0.005 -26"><span class='ocrx_word' id='word_1_231' title='bbox 145 3335 243 3387; x_wconf 85' lang='lat' dir='ltr'><strong>tamen</strong></span> <span class='ocrx_word' id='word_1_232' title='bbox 264 3326 331 3386; x_wconf 86' lang='lat' dir='ltr'><strong>eius</strong></span> <span class='ocrx_word' id='word_1_233' title='bbox 352 3324 502 3384; x_wconf 88' lang='lat' dir='ltr'><strong>librorum</strong></span> <span class='ocrx_word' id='word_1_234' title='bbox 522 3329 685 3387; x_wconf 86' lang='lat' dir='ltr'><strong>auctoritas</strong></span> <span class='ocrx_word' id='word_1_235' title='bbox 707 3349 776 3386; x_wconf 88' lang='lat' dir='ltr'><strong>cum</strong></span> <span class='ocrx_word' id='word_1_236' title='bbox 796 3331 919 3410; x_wconf 89' lang='lat' dir='ltr'><strong>optimis</strong></span> <span class='ocrx_word' id='word_1_237' title='bbox 939 3333 1050 3391; x_wconf 90' lang='lat' dir='ltr'><strong>nostris</strong></span> <span class='ocrx_word' id='word_1_238' title='bbox 1062 3331 1111 3390; x_wconf 60' lang='lat' dir='ltr'><strong>vad</strong></span> <span class='ocrx_word' id='word_1_239' title='bbox 1140 3341 1240 3390; x_wconf 87' lang='lat' dir='ltr'><strong>tuen--</strong></span> 
     </span>
    </p>
   </div>
   <div class='ocr_carea' id='block_1_3' title="bbox 96 3412 1230 3520">
    <p class='ocr_par' dir='ltr' id='par_1_6' title="bbox 96 3412 1230 3520">
     <span class='ocr_line' id='line_1_30' title="bbox 96 3412 1230 3520; baseline 0.007 -28"><span class='ocrx_word' id='word_1_240' title='bbox 96 3458 99 3467; x_wconf 91' lang='lat'><strong>·</strong></span> <span class='ocrx_word' id='word_1_241' title='bbox 147 3428 212 3493; x_wconf 76' lang='lat' dir='ltr'><strong>dani</strong></span> <span class='ocrx_word' id='word_1_242' title='bbox 243 3454 301 3514; x_wconf 90' lang='lat' dir='ltr'><strong>pro</strong></span> <span class='ocrx_word' id='word_1_243' title='bbox 331 3432 457 3514; x_wconf 80' lang='lat' dir='ltr'><strong>vulgato</strong></span> <span class='ocrx_word' id='word_1_244' title='bbox 488 3433 620 3495; x_wconf 78' lang='lat' dir='ltr'><strong>debuerit</strong></span> <span class='ocrx_word' id='word_1_245' title='bbox 651 3412 831 3517; x_wconf 77' lang='lat' dir='ltr'><strong>scripturam</strong></span> <span class='ocrx_word' id='word_1_246' title='bbox 864 3443 1006 3520; x_wconf 71' lang='lat' dir='ltr'><strong>porterit,</strong></span> <span class='ocrx_word' id='word_1_247' title='bbox 1047 3461 1126 3520; x_wconf 90' lang='lat' dir='ltr'><strong>quae</strong></span> <span class='ocrx_word' id='word_1_248' title='bbox 1158 3461 1230 3500; x_wconf 86' lang='lat' dir='ltr'><strong>sane</strong></span> 
     </span>
    </p>
   </div>
   <div class='ocr_carea' id='block_1_4' title="bbox 126 3545 1239 4057">
    <p class='ocr_par' dir='ltr' id='par_1_7' title="bbox 126 3545 1239 3842">
     <span class='ocr_line' id='line_1_31' title="bbox 126 3545 1239 3627; baseline 0.004 -25"><span class='ocrx_word' id='word_1_249' title='bbox 126 3545 340 3622; x_wconf 62' lang='lat' dir='ltr'><strong>‚praestantior</strong></span> <span class='ocrx_word' id='word_1_250' title='bbox 367 3553 433 3604; x_wconf 89' lang='lat' dir='ltr'><strong>est:</strong></span> <span class='ocrx_word' id='word_1_251' title='bbox 463 3565 535 3603; x_wconf 87' lang='lat' dir='ltr'><strong>narn</strong></span> <span class='ocrx_word' id='word_1_252' title='bbox 561 3546 613 3625; x_wconf 92' lang='lat' dir='ltr'><strong>qui</strong></span> <span class='ocrx_word' id='word_1_253' title='bbox 643 3548 749 3605; x_wconf 88' lang='lat' dir='ltr'><strong>timere</strong></span> <span class='ocrx_word' id='word_1_254' title='bbox 779 3548 843 3604; x_wconf 88' lang='lat' dir='ltr'><strong>sive</strong></span> <span class='ocrx_word' id='word_1_255' title='bbox 862 3566 982 3627; x_wconf 88' lang='lat' dir='ltr'><strong>sperare</strong></span> <span class='ocrx_word' id='word_1_256' title='bbox 1003 3568 1066 3606; x_wconf 90' lang='lat' dir='ltr'><strong>non</strong></span> <span class='ocrx_word' id='word_1_257' title='bbox 1089 3547 1239 3621; x_wconf 84' lang='lat' dir='ltr'><strong>debebat,-</strong></span> 
     </span>
     <span class='ocr_line' id='line_1_32' title="bbox 148 3648 1228 3737; baseline 0.006 -29"><span class='ocrx_word' id='word_1_258' title='bbox 148 3648 169 3708; x_wconf 80' lang='lat' dir='ltr'><strong>i:</strong></span> <span class='ocrx_word' id='word_1_259' title='bbox 186 3662 290 3711; x_wconf 87' lang='lat' dir='ltr'><strong>tamen</strong></span> <span class='ocrx_word' id='word_1_260' title='bbox 311 3652 436 3712; x_wconf 84' lang='lat' dir='ltr'><strong>fortasse</strong></span> <span class='ocrx_word' id='word_1_261' title='bbox 456 3654 543 3712; x_wconf 88' lang='lat' dir='ltr'><strong>timet</strong></span> <span class='ocrx_word' id='word_1_262' title='bbox 557 3662 588 3711; x_wconf 89' lang='lat' dir='ltr'><strong>et</strong></span> <span class='ocrx_word' id='word_1_263' title='bbox 601 3663 721 3732; x_wconf 87' lang='lat' dir='ltr'><strong>sperat:</strong></span> <span class='ocrx_word' id='word_1_264' title='bbox 745 3663 908 3737; x_wconf 88' lang='lat' dir='ltr'><strong>utrumque</strong></span> <span class='ocrx_word' id='word_1_265' title='bbox 930 3653 995 3714; x_wconf 86' lang='lat' dir='ltr'><strong>fieri</strong></span> <span class='ocrx_word' id='word_1_266' title='bbox 1007 3675 1070 3714; x_wconf 89' lang='lat' dir='ltr'><strong>non</strong></span> <span class='ocrx_word' id='word_1_267' title='bbox 1085 3656 1228 3736; x_wconf 86' lang='lat' dir='ltr'><strong>potuisse,</strong></span> 
     </span>
     <span class='ocr_line' id='line_1_33' title="bbox 143 3753 717 3842; baseline -0.002 -22"><span class='ocrx_word' id='word_1_268' title='bbox 143 3753 199 3840; x_wconf 72' lang='lat' dir='ltr'><strong>¹lure</strong></span> <span class='ocrx_word' id='word_1_269' title='bbox 218 3760 327 3842; x_wconf 88' lang='lat' dir='ltr'><strong>utique</strong></span> <span class='ocrx_word' id='word_1_270' title='bbox 346 3758 616 3820; x_wconf 86' lang='lat' dir='ltr'><strong>demonstrandum</strong></span> <span class='ocrx_word' id='word_1_271' title='bbox 640 3770 717 3820; x_wconf 84' lang='lat' dir='ltr'><strong>erat.</strong></span> 
     </span>
    </p>

    <p class='ocr_par' dir='ltr' id='par_1_8' title="bbox 152 3866 1233 4057">
     <span class='ocr_line' id='line_1_34' title="bbox 160 3866 1232 3946; baseline 0 -18"><span class='ocrx_word' id='word_1_272' title='bbox 160 3888 166 3897; x_wconf 88' lang='lat'><strong>·</strong></span> <span class='ocrx_word' id='word_1_273' title='bbox 229 3888 276 3928; x_wconf 83' lang='lat' dir='ltr'><strong>rr.</strong></span> <span class='ocrx_word' id='word_1_274' title='bbox 301 3867 476 3929; x_wconf 69' lang='lat' dir='ltr'><strong>Statemrm:</strong></span> <span class='ocrx_word' id='word_1_275' title='bbox 509 3871 551 3928; x_wconf 91' lang='lat' dir='ltr'><strong>sic</strong></span> <span class='ocrx_word' id='word_1_276' title='bbox 585 3866 644 3927; x_wconf 89' lang='lat' dir='ltr'><strong>hoc</strong></span> <span class='ocrx_word' id='word_1_277' title='bbox 673 3888 784 3928; x_wconf 91' lang='lat' dir='ltr'><strong>nomen</strong></span> <span class='ocrx_word' id='word_1_278' title='bbox 817 3889 881 3930; x_wconf 87' lang='lat' dir='ltr'><strong>esse</strong></span> <span class='ocrx_word' id='word_1_279' title='bbox 919 3869 1135 3946; x_wconf 87' lang='lat' dir='ltr'><strong>scribendum,</strong></span> <span class='ocrx_word' id='word_1_280' title='bbox 1170 3889 1232 3929; x_wconf 93' lang='lat' dir='ltr'><strong>non</strong></span> 
     </span>
     <span class='ocr_line' id='line_1_35' title="bbox 152 3969 1233 4057; baseline 0.008 -28"><span class='ocrx_word' id='word_1_281' title='bbox 152 3969 315 4048; x_wconf 77' lang='lat' dir='ltr'><strong>Stalenum,</strong></span> <span class='ocrx_word' id='word_1_282' title='bbox 348 3997 427 4057; x_wconf 89' lang='lat' dir='ltr'><strong>quae</strong></span> <span class='ocrx_word' id='word_1_283' title='bbox 456 3985 501 4035; x_wconf 86' lang='lat' dir='ltr'><strong>est</strong></span> <span class='ocrx_word' id='word_1_284' title='bbox 535 3974 633 4035; x_wconf 88' lang='lat' dir='ltr'><strong>forma</strong></span> <span class='ocrx_word' id='word_1_285' title='bbox 659 3987 730 4036; x_wconf 88' lang='lat' dir='ltr'><strong>ante</strong></span> <span class='ocrx_word' id='word_1_286' title='bbox 763 3974 914 4038; x_wconf 88' lang='lat' dir='ltr'><strong>Orellium</strong></span> <span class='ocrx_word' id='word_1_287' title='bbox 940 3976 980 4037; x_wconf 88' lang='lat' dir='ltr'><strong>ab</strong></span> <span class='ocrx_word' id='word_1_288' title='bbox 1000 3977 1141 4038; x_wconf 88' lang='lat' dir='ltr'><strong>omnibus</strong></span> <span class='ocrx_word' id='word_1_289' title='bbox 1163 3976 1233 4038; x_wconf 89' lang='lat' dir='ltr'><strong>vul·</strong></span> 
     </span>
    </p>
   </div>
   <div class='ocr_carea' id='block_1_5' title="bbox 142 4077 1233 4170">
    <p class='ocr_par' dir='ltr' id='par_1_9' title="bbox 142 4077 1233 4170">
     <span class='ocr_line' id='line_1_36' title="bbox 142 4077 1233 4170; baseline 0.004 -30"><span class='ocrx_word' id='word_1_290' title='bbox 142 4087 236 4162; x_wconf 65' lang='lat' dir='ltr'><strong>rata,</strong></span> <span class='ocrx_word' id='word_1_291' title='bbox 263 4080 368 4141; x_wconf 87' lang='lat' dir='ltr'><strong>docuit</strong></span> <span class='ocrx_word' id='word_1_292' title='bbox 398 4080 450 4144; x_wconf 82' lang='lat' dir='ltr'><strong>tll.</strong></span> <span class='ocrx_word' id='word_1_293' title='bbox 480 4080 630 4143; x_wconf 84' lang='lat' dir='ltr'><strong>Niebuhr.</strong></span> <span class='ocrx_word' id='word_1_294' title='bbox 662 4083 706 4152; x_wconf 67' lang='lat' dir='ltr'><strong>ad⁵</strong></span> <span class='ocrx_word' id='word_1_295' title='bbox 729 4082 795 4145; x_wconf 90' lang='lat' dir='ltr'><strong>Cic.</strong></span> <span class='ocrx_word' id='word_1_296' title='bbox 825 4077 933 4168; x_wconf 76' lang='lat' dir='ltr'><strong>fragm.</strong></span> <span class='ocrx_word' id='word_1_297' title='bbox 952 4085 1094 4170; x_wconf 43' lang='lat' dir='ltr'><strong>pag-⁴57·</strong></span> <span class='ocrx_word' id='word_1_298' title='bbox 1153 4084 1233 4146; x_wconf 87' lang='lat' dir='ltr'><strong>Nam</strong></span> 
     </span>
    </p>
   </div>
   <div class='ocr_carea' id='block_1_6' title="bbox 0 0 1387 4696">
    <p class='ocr_par' dir='ltr' id='par_1_10' title="bbox 0 0 1387 4696">
     <span class='ocr_line' id='line_1_37' title="bbox 0 0 1387 4696; baseline 0 0"><span class='ocrx_word' id='word_1_299' title='bbox 0 0 1387 4696; x_wconf 95' lang='lat' dir='ltr'><strong> </strong></span> 
     </span>
    </p>
   </div>
  </div>
 </body>
</html>
