2736 4696
133 288 206 380 '¹92
542 273 795 337 nouorxrro
875 289 877 293 ·

216 457 283 541 87,
312 479 358 520 ro.
382 479 466 543 quem
487 459 578 518 iidem
596 459 647 520 isti
683 493 724 506 --
745 460 988 544 subscripserunt]
1006 459 1070 521 Diu
1090 483 1218 544 suspen-

134 584 185 625 sus
204 564 286 626 haesi
318 566 351 625 in
378 570 455 625 mira
474 565 564 625 buius
589 565 646 627 loci
671 564 820 628 scribendi
841 567 1009 642 varietate,
1035 588 1131 650 quam
1155 568 1217 632 alto

134 670 252 732 silentio
273 673 535 754 praetermiserunt
555 675 734 734 recentiores
757 674 952 755 interpretes,
976 674 1222 759 scribentes‚3ut

133 776 290 859 vulgatum
324 790 390 841 est:
431 781 585 840 aerarium
617 782 812 863 reliquissent.
882 781 1021 863 Denique
1050 785 1221 844 sententiae

135 885 211 946 ratio
242 886 331 964 vicit,
365 898 400 946 ut
432 886 608 968 exquisitam
636 888 890 967 praestantiorum
916 887 1003 947 codd.
1032 889 1219 970 scripturam

134 991 327 1074 praeferrem.
370 991 452 1070 Quid
476 994 576 1054 enim?
617 990 695 1052 Num
709 991 783 1052 haec
811 1001 877 1052 erat
895 993 1058 1074 ignominia
1085 996 1220 1078 relinqui

135 1100 169 1159 in
189 1102 336 1176 aerariis,
358 1101 455 1180 siqui
475 1097 601 1159 libertus
617 1109 669 1159 aut
692 1101 868 1182 peregrinus
890 1099 929 1159 ab
948 1100 1035 1160 initio
1057 1101 1095 1160 iis
1111 1122 1220 1162 accen-

135 1205 284 1267 sebatur?
333 1206 408 1266 Erat
437 1207 520 1267 haud
550 1206 661 1286 dubie,
685 1210 709 1267 si
738 1217 811 1267 nota
839 1206 1017 1282 accedebat,
1055 1209 1079 1268 si
1109 1208 1223 1269 diserte

136 1314 379 1376 subscribebatur
409 1336 427 1374 a
448 1315 630 1376 Censoribus
650 1315 780 1397 relinqui
800 1335 870 1376 eum
889 1316 967 1376 inter
986 1316 1141 1391 aerarios,
1171 1316 1221 1375 iu-

137 1418 263 1502 dignum
285 1440 367 1498 esse,
388 1420 441 1502 qui
462 1421 492 1480 in
513 1418 627 1480 tribum
648 1423 841 1502 reciperetur.
901 1421 968 1480 Hoc
1002 1420 1090 1496 dicit,
1125 1442 1221 1502 quam

136 1526 290 1600 dedimus,
317 1529 483 1608 scriptura:
508 1528 659 1612 reliquisse
677 1528 916 1614 subscripserunt,
937 1531 969 1589 in
991 1550 1052 1613 qua
1073 1529 1221 1589 omissum

135 1655 303 1718 pronomen
323 1654 354 1694 se
374 1616 449 1694 *nihil
469 1634 567 1695 babet
581 1635 753 1696 offensionis
770 1639 802 1696 in
825 1637 988 1710 Cicerone,
1026 1635 1080 1718 qui
1103 1637 1221 1696 centies

135 1745 178 1805 sic
198 1720 333 1826 loquitur
351 1763 435 1801 more
456 1743 657 1802 Graecorum:
680 1742 722 1802 sic
741 1763 798 1825 pro
810 1743 893 1802 Mur.
915 1764 944 1803 c.
961 1742 992 1806 5.
1008 1762 1048 1824 7:
1072 1742 1127 1826 qui
1145 1762 1220 1822 gru·

135 1851 257 1913 uissime
280 1861 309 1908 et
327 1849 512 1908 acerbissime
523 1850 615 1927 serre
635 1848 728 1908 dixit.
744 1868 800 1930 pro
820 1849 897 1908 Sest.
921 1868 947 1908 c.
963 1869 992 1929 7.
1010 1846 1071 1908 152
1094 1849 1171 1908 liunt
1182 1881 1223 1895 -

139 1956 197 2018 Cu.
229 1956 390 2039 Pompeius
412 1989 451 2014 -.
476 1953 673 2028 devinxerat,
706 1955 784 2013 nihil
816 1955 848 2013 iu
875 1954 1027 2014 tribunatu
1048 1965 1152 2013 contm
1173 1974 1222 2018 me

137 2083 197 2122 esse
204 2063 377 2141 facturum.
392 2093 431 2105 -
471 2057 562 2118 Illam
581 2058 704 2139 quidem
724 2058 872 2119 rationem
892 2079 985 2140 quam
1013 2063 1219 2140 exposuimus,

137 2189 242 2232 veram
261 2169 352 2230 buius
370 2168 429 2229 loci
450 2188 513 2228 esse
531 2188 707 2229 censemus:
721 2166 806 2240 ⁴libet
819 2179 921 2228 tamen
932 2165 1057 2227 alteram
1070 2167 1220 2248 proferre,

137 2276 228 2361 longe
256 2278 427 2357 diversam,
448 2298 527 2361 quae
546 2279 573 2338 si
592 2299 639 2337 res
659 2278 732 2358 ipsa,
755 2278 865 2359 quibus
883 2277 1001 2352 nititur,
1021 2278 1118 2358 magis
1135 2297 1222 2337 com-

137 2396 240 2471 pertae
261 2397 359 2447 essent
375 2396 405 2447 et
423 2373 569 2461 firmatae,
591 2361 716 2446 fortasse
736 2385 830 2468 magis
864 2394 965 2467 posset
984 2382 1114 2465 placere.
1158 2383 1224 2446 Nos

139 2515 243 2555 omnes
274 2493 425 2554 aerarium
451 2512 508 2573 pro
535 2491 659 2551 homine
691 2492 853 2571 accipimus
889 2489 1009 2549 infimae
1040 2486 1220 2569 dignitatis:

138 2598 213 2684 quid
238 2601 263 2661 si
283 2599 372 2659 fiscus
392 2596 531 2680 publicus
555 2607 649 2672 esset,
674 2616 765 2678 quem
785 2593 890 2680 [scriba
920 2594 1086 2654 deseruisse
1113 2616 1224 2677 argue·

138 2713 243 2771 retur?
291 2709 389 2770 Erant
408 2705 534 2784 scribae,
555 2718 590 2768 ut
613 2707 683 2776 satis
703 2715 810 2777 notum
831 2713 887 2782 est,
907 2713 937 2763 et
955 2714 991 2762 ut
1013 2699 1184 2762 luculenter
1204 2723 1223 2764 a

139 2816 283 2878 Cicerone
304 2814 467 2897 explicatur
490 2813 593 2896 (Verr.
618 2813 678 2885 lll,
703 2831 754 2894 79.
777 2810 856 2889 183.)
877 2809 954 2870 ordo
980 2808 1123 2872 honestus
1143 2831 1224 2892 quo·

139 2946 209 2986 rum
232 2923 302 2984 fidei
317 2921 436 2984 tabulae
450 2919 588 3003 publicae
609 2918 802 3002 periculaque
827 2921 1056 3000 magistratuum
1078 2921 1222 2980 commit·

139 3028 300 3092 tebantur:
319 3021 407 3094 multi
438 3050 543 3090 eorum
564 3028 647 3088 baud
668 3026 759 3087 dubie
776 3028 808 3087 iu
833 3027 940 3087 aerarii
969 3027 1138 3089 rationibus
1165 3027 1224 3089 du-

139 3139 243 3199 cendis
267 3148 297 3198 et
317 3136 493 3198 ordinandis
514 3136 650 3216 occupati
672 3144 776 3195 erant:
798 3135 880 3216 quod
899 3156 1009 3196 munus
1029 3137 1053 3195 si
1079 3135 1147 3217 quis
1169 3157 1225 3196 ne-

140 3241 264 3326 gligeret
296 3252 349 3302 aut
382 3264 505 3324 prorsus
534 3243 704 3317 omitteret,
741 3238 818 3299 nihil
851 3239 970 3301 obstare
999 3241 1140 3320 videtur,
1161 3223 1244 3327 quo·

141 3353 243 3411 minus
263 3370 281 3410 a
304 3350 436 3411 Censore
456 3351 514 3411 boc
534 3352 656 3410 nomine
679 3358 857 3426 notaretur,
888 3348 969 3432 quod
995 3351 1148 3410 aerarium
1176 3373 1226 3411 re-

142 3458 285 3540 liquisset.
313 3456 373 3516 Sed
392 3456 589 3537 suspicionem
610 3454 737 3531 damus,
756 3456 880 3514 minime
896 3464 1081 3535 compertam
1103 3476 1182 3517 rem.

225 3585 258 3646 9.
281 3563 399 3624 dicunt:
420 3563 509 3621 ceteri
527 3560 679 3641 uidelicet]
720 3562 835 3621 Veram
849 3559 928 3620 banc
948 3572 978 3621 et
997 3564 1127 3642 priscam
1146 3566 1229 3625 ‘scri-

143 3681 265 3755 pturam
286 3669 340 3730 diu
359 3664 512 3728 immerito
542 3665 690 3727 exclusam
711 3667 847 3726 omnium
870 3664 934 3726 fere
962 3665 1051 3726 MSS.
1075 3688 1229 3730 consensu

144 3777 326 3839 reduximus.
366 3776 503 3839 Verbum
525 3776 630 3836 dicunt
649 3777 751 3836 nescio
777 3794 876 3856 quam
898 3772 1104 3835 difficultatem
1134 3775 1228 3838 alicui

144 3882 270 3946 librario
291 3885 420 3946 movisse
443 3883 575 3958 videtur,
595 3894 631 3944 ut
654 3882 712 3943 boc
731 3882 830 3943 deleto
855 3881 994 3945 voculam
1013 3881 1089 3964 quid
1106 3882 1228 3943 inseru-

146 3993 225 4067 erit,
249 4012 327 4073 quae
355 3991 430 4052 mire
456 3990 607 4073 plerisque
623 3989 788 4050 editoribus
811 3988 936 4072 placuit.
962 3986 1005 4047 At
1031 3986 1109 4072 nibil
1127 3992 1229 4072 aptius
1266 4038 1272 4058 .

146 4099 301 4183 magisque
324 4097 364 4159 ad
382 4096 489 4160 vivum
503 4116 672 4181 expressum
687 4116 779 4179 quam
797 4096 921 4182 antiqua
935 4076 1101 4159 sententiae
1113 4096 1227 4161 forma.
