2736 4696
136 263 187 345 58
596 258 762 323 omno·

138 465 199 523 tra
224 450 335 525 reus?
373 447 566 557 Primum,
592 446 669 523 iam
693 441 984 523 multitudinem
1008 445 1217 525 criminum

138 589 178 647 et
209 573 446 648 atrocitatem
480 571 808 675 pertimescebam:
845 568 1001 662 deinde,
1032 569 1220 647 Fabriciis

139 712 299 799 propter
334 692 603 769 conscientiam
646 690 722 765 mei
755 689 903 765 sceleris
937 690 1219 784 condemnatis,

141 842 203 893 mo
237 842 312 893 esse
335 817 656 906 condemnatum,
674 817 909 901 [sentiebamt
941 835 1151 923 postremo,
1176 818 1220 895 in

138 964 228 1015 eum
254 966 383 1016 casum
405 965 602 1028 veneram,
629 957 675 1014 ut
699 939 822 1014 omnis
847 964 1018 1014 mearum
1041 938 1239 1031 fortuna-5

137 1087 228 1135 rum
251 1077 369 1135 status
392 1061 509 1134 unius
537 1059 672 1135 iudicii
696 1060 868 1166 periculo
894 1061 1169 1139 contineretur.

72 1181 111 1249 82
234 1187 328 1285 Age,
373 1182 559 1284 quoniam
599 1181 871 1288 corrumpendi
916 1181 1052 1258 iudicii
1090 1210 1222 1263 causus

136 1307 203 1383 ille
226 1307 366 1383 multas
390 1325 429 1381 et
452 1305 574 1409 gravis
604 1305 757 1396 babuit,
791 1306 856 1380 hic
880 1307 1050 1385 nullamt
1092 1290 1221 1412 profe-

136 1431 212 1507 ctio
238 1429 355 1533 ipsius
379 1429 565 1533 pecuniae
589 1430 832 1538 requiraturs
849 1410 1042 1505 'Confecit
1067 1430 1246 1541 tabulas!

134 1550 419 1654 diligentissime
443 1552 655 1626 Cluentius.
730 1553 834 1627 Haec
865 1573 993 1630 autem
1018 1579 1076 1646 res
1099 1544 1261 1628 habetis·

133 1675 208 1753 hoc
235 1694 354 1765 certe,
379 1693 425 1751 ut
449 1674 550 1750 nihil
575 1672 689 1778 possit
714 1700 839 1776 neque
862 1675 1056 1765 additum,
1088 1700 1219 1777 neque
1259 1742 1262 1751 .

132 1797 350 1875 detractum
375 1796 422 1871 de
448 1824 490 1871 re
515 1796 698 1872 familiari
723 1800 849 1873 latere.
899 1800 1003 1873 Anni
1023 1815 1218 1873 suntocto

129 1947 254 2024 quum
286 1919 356 1996 ista
396 1946 507 1996 causa
555 1921 597 1994 in
630 1920 698 1995 ista
742 1919 989 1995 meditatione
1020 1938 1218 2011 versatur,

128 2071 254 2145 quum
279 2042 428 2133 omnia,
453 2070 551 2147 quae
576 2042 626 2118 ad
650 2069 734 2117 eam
759 2069 840 2116 rem
864 2043 1081 2146 pertinent,
1107 2064 1219 2121 etex

126 2167 263 2254 huius,
300 2185 338 2242 et
368 2192 413 2241 ex
438 2167 603 2240 aliorum
630 2146 769 2239 tabulis
815 2163 980 2266 agitatis,
1019 2165 1254 2257 tractatis,15

125 2289 341 2391 inquiritis:
390 2315 514 2391 quum
561 2289 706 2362 interea
739 2289 990 2375 Cluentianae
1026 2288 1218 2391 pecuniae

123 2410 506 2512 vestigiumnullum
533 2407 721 2482 invenitis.
773 2408 880 2505 Quid
904 2410 1068 2484 Albiana
1096 2434 1216 2514 pecu·

126 2529 220 2607 nial
243 2528 455 2631 vestigiisne
480 2527 589 2602 nobis
614 2526 808 2603 odoranda
834 2548 907 2621 est,
935 2558 986 2605 an
1010 2528 1059 2602 ad
1085 2531 1217 2635 ipsum
1275 2597 1278 2602 Α

50 2665 54 2671 ’
125 2654 272 2747 cubile,
300 2654 406 2731 vobis
431 2651 642 2740 iudicibus,
668 2653 798 2726 venire
819 2654 1039 2757 possumus?
1062 2657 1217 2729 Tenen-

123 2795 192 2853 tur
212 2805 292 2855 uno
319 2775 362 2851 in
394 2777 476 2850 loco
507 2776 573 2851 HS
606 2799 757 2854 incunt
791 2792 973 2849 tenentur
1004 2775 1110 2880 apud
1144 2776 1259 2861 hono

122 2903 268 2976 minem
300 2895 607 2974 audacissimum:
663 2915 845 2972 tenentur
883 2896 989 3002 apud
1029 2897 1214 2975 iudicem.

61 3040 102 3103 83
126 3021 234 3121 Quid
261 3023 376 3099 vultis
400 3021 591 3127 amplius?
626 3023 676 3103 At
700 3021 804 3095 enim
828 3023 1001 3097 Staienus
1026 3022 1214 3100 nonfuit

208 3236 234 3276 ι.
256 3216 352 3295 ipsam
374 3214 598 3276 multitudinem
615 3226 649 3274 et
672 3212 860 3275 atrocitatem
882 3213 1043 3273 criminum
1158 3215 1212 3296 14.¹

199 3319 277 3381 quae
298 3319 378 3358 nunc
400 3298 439 3358 ad
527 3319 574 3381 ¹9·
595 3297 682 3359 vobis
704 3295 831 3357 ducibus

191 3484 209 3520 ι.
230 3467 283 3517 iam
302 3465 378 3517 Ant
396 3471 498 3531 (corr)
518 3465 605 3534 ipsam
625 3466 681 3517 lto
707 3466 850 3516 criminum
872 3473 899 3523 et
916 3465 1088 3517 atrocitatem
1107 3467 1161 3518 AB
1177 3472 1209 3518 et

116 3547 198 3593 atros·
218 3536 291 3588 crim.
319 3536 372 3589 lto
433 3535 456 3603 4.
475 3543 642 3604 postremum
669 3531 966 3606 adcsgltmpvcsg
1009 3536 1034 3590 5.
1061 3550 1155 3586 omnes
1181 3539 1208 3589 A

115 3613 140 3668 6.
160 3606 399 3661 continerenturA
432 3623 460 3674 9.
470 3607 696 3674 pecuniaeaquo
708 3604 893 3674 requiraturg
932 3620 970 3656 ιο.
989 3603 1141 3656 hicautem
1154 3604 1205 3657 hae

113 3680 220 3733 batres
242 3676 426 3727 obaeratasA
482 3694 519 3728 ιι.
538 3675 590 3726 hoc
609 3684 681 3726 certe
712 3674 762 3725 hac
783 3681 871 3726 aetate
891 3690 909 3722 α
942 3673 983 3741 14.
1004 3691 1075 3746 quae
1091 3676 1124 3727 ad
1144 3679 1170 3728 A
1180 3678 1206 3734 B

113 3765 185 3815 quae
203 3763 275 3799 nunc
293 3744 327 3796 ad
346 3745 400 3796 ΚΟ
455 3745 492 3799 15.
511 3747 590 3812 agitis
608 3743 672 3797 ade
695 3741 980 3816 gillmnpqrstdc
1019 3762 1056 3811 ¹7·
1076 3744 1205 3809 Abbiana

111 3822 137 3873 A
194 3819 230 3869 18.
250 3815 328 3867 vobis
347 3816 393 3883 tp
431 3815 586 3867 adornanda
605 3833 623 3863 a
698 3833 737 3881 ¹9·
757 3813 893 3865 iudicibus
912 3815 964 3865 AB
1009 3813 1125 3864 ducibus
1144 3817 1206 3876 lto

110 3889 247 3961 possimus
266 3886 324 3940 llo
404 3901 445 3938 20.
465 3886 516 3938 HS
537 3902 588 3937 om.
608 3881 825 3954 Bodefgbvl
866 3902 899 3935 nc
916 3885 1041 3935 sestertia
1059 3901 1092 3934 ιιι
1111 3885 1203 3939 millia

110 3957 221 4029 βγδιζ
256 3963 383 4008 sexcenta
403 3956 583 4025 quadraginta
609 3954 696 4004 millia
719 3970 858 4005 nummum
886 3951 1035 4022 θικλμξ
1080 3954 1205 4024 quadra-.

109 4029 185 4097 glute
203 4027 288 4081 millia
310 4042 447 4077 nummum
483 4043 503 4076 ν
537 4039 747 4075 ιιιιιιιειιιινοιιι
766 4039 936 4075 nummorum
954 4040 975 4084 a·
1024 4025 1106 4101 nortl
1129 4043 1204 4090 W.

110 4100 239 4165 milliar
273 4097 382 4149 xxxxB
453 4115 493 4152 aa.
513 4093 593 4151 voltis
609 4094 662 4156 AB
