2736 4696
1115 245 1179 315 xix

178 431 288 495 Omnis
318 428 450 513 reliquos
479 429 614 506 codices,
645 451 774 514 quorum
793 431 961 494 ‘lectionem
989 452 1024 495 ex
1051 430 1179 495 aliorum

44 546 47 551 Δ
94 562 259 625 collatione
278 563 389 644 passim
411 565 562 645 cognitam
583 561 740 641 habemus,
760 583 815 622 suo
836 553 987 644 quemque
1006 565 1129 624 nomine
1148 573 1179 624 et

90 691 159 753 loco
179 703 342 753 notamus:
365 689 477 753 scilicet
497 690 615 783 codices
635 689 776 753 Lambini
796 702 861 752 tum
881 691 996 773 plures,
1017 714 1179 776 equorum

92 843 223 884 numero
265 821 379 884 librum
418 823 451 885 S.
478 824 611 884 Victoris
647 844 710 884 esse
740 826 950 907 suspicamur,
980 837 1047 887 tum
1082 847 1179 888 unum

91 953 189 1049 Sylvii
210 952 343 1029 librum,
372 952 488 1016 codices
509 952 663 1016 Palatinos
691 965 760 1015 octo
789 977 808 1015 a
830 955 961 1015 Grutero
982 957 1066 1038 ipso,
1094 966 1123 1017 et
1143 955 1176 1017 S.

54 1114 58 1118 ·
93 1086 229 1152 Victoris
257 1085 392 1148 codicem
419 1109 438 1149 a
467 1085 617 1148 Gulielmo
645 1087 832 1168 inspectum,
867 1089 952 1148 cuins
980 1099 1117 1172 excerpta
1145 1090 1179 1148 in

93 1223 219 1284 Gruteri
240 1243 328 1282 usum
348 1230 522 1295 cesserunt,
554 1220 616 1282 duo
641 1220 765 1316 codices¹
788 1221 992 1299 Francianos‚
1021 1220 1131 1305 quibus
1152 1222 1179 1283 l.

93 1353 132 1415 G.
158 1353 331 1434 Graevius,
364 1364 395 1415 et
418 1353 620 1416 Dresdensem
641 1375 758 1434 unum,
799 1375 862 1437 quo
897 1356 1028 1417 Graevio
1059 1364 1191 1438 petente*

94 1484 302 1556 Gotholrcdus
324 1488 473 1548 Graevius
494 1486 586 1547 linter
613 1485 775 1567 utebatur;
793 1486 927 1569 denique
940 1487 1057 1549 codices
1070 1488 1180 1570 Regios

92 1616 211 1679 incerto
229 1637 368 1698 numero,
391 1637 468 1700 qnos
479 1615 702 1679 ballemandius
715 1637 824 1700 magna
843 1617 1023 1702 negligentia
1043 1619 1180 1683 contulit.
1277 1700 1279 1707 y

177 1895 357 1958 Editionnm
384 1906 506 1971 autem,
539 1893 650 1978 quibus
678 1905 732 1956 aut
763 1896 851 1958 nobis
880 1893 951 1976 ipsis
977 1897 1023 1956 nti
1049 1893 1179 1974 licebat,

92 2037 146 2089 aut
167 2047 297 2110 quorum
324 2028 487 2108 scripturas
505 2025 545 2086 ab
565 2025 632 2087 aliis
653 2023 822 2086 editoribus
838 2035 973 2088 enotatas
993 2027 1025 2086 in
1047 2038 1182 2089 nostram

91 2154 305 2219 transtulimus
333 2155 470 2218 adbibita
498 2154 612 2240 ubique
639 2157 858 2240 Lagomarsinii
887 2158 1056 2222 eorundem
1086 2158 1181 2224 libro-

92 2308 163 2350 rum
183 2285 357 2367 collatione,
377 2286 428 2348 hic
448 2298 494 2348 est
518 2307 663 2348 numerus
681 2298 712 2349 et
731 2287 820 2351 ordo.

113 2467 147 2508 α.
180 2443 285 2507 Editio
303 2443 457 2507 Ciceronis
486 2445 658 2507 orationum
688 2449 761 2509 anni
796 2445 884 2532 ¹47²·
917 2450 986 2511 sine
1007 2449 1070 2513 loci
1094 2462 1183 2514 nota*

175 2575 271 2653 tione,
292 2595 384 2657 quam
405 2573 564 2637 Fabricius
584 2575 727 2638 describit
747 2576 826 2639 Bibl.
856 2578 926 2640 Lat.
951 2580 1000 2642 ed.
1037 2583 1126 2666 1773.
1157 2582 1184 2646 l.
1252 2656 1255 2658 ,

176 2727 211 2788 p.
236 2705 305 2788 167.
348 2704 400 2766 Ad
419 2703 532 2767 calcem
554 2704 626 2768 libri
647 2707 723 2769 haec
746 2709 926 2792 subscriptio
947 2709 1084 2795 legitur:

222 2862 290 2923 Hoc
309 2863 415 2944 ingens
437 2864 591 2925 Ciceronis
611 2885 687 2948 opus
706 2884 875 2949 causasque
892 2870 1026 2930 forenses

262 2994 347 3072 Quas
366 2994 445 3056 inter
470 3004 570 3076 patres
592 2993 667 3055 dixit
697 3006 728 3056 et
751 2997 783 3057 in
803 2996 933 3079 populo,

221 3126 271 3186 Tu
292 3127 475 3209 quicunque.
484 3125 576 3210 leges.
618 3126 792 3210 Ambergau
812 3138 902 3190 natus
922 3127 1028 3192 ahenis

264 3257 417 3342 impressit
437 3257 559 3325 formis:
594 3258 675 3320 Ecce
692 3262 834 3342 magister
858 3257 970 3326 Adam.

503 3421 768 3489 Mccuctxrsst.

184 3596 384 3660 Rarissimum
403 3596 463 3657 hoc
484 3595 648 3679 volumen,
669 3597 756 3658 cuius
777 3616 865 3658 usum
883 3616 990 3660 rursus
1012 3597 1185 3661 liberalitati

184 3729 296 3810 Regiae
310 3729 502 3790 Monacensis
514 3726 715 3789 bibliothecae
731 3726 951 3808 praefectorum
961 3723 1125 3807 debemus,
1145 3726 1185 3788 ad

183 3859 351 3943 exemplum
390 3857 515 3921 alicuius
551 3859 736 3920 deteriorum
765 3859 924 3934 codicum,
969 3880 1044 3942 quos
1079 3860 1186 3920 tertiae

182 3991 270 4055 classi
289 3991 520 4077 adscripsimus,
543 3995 722 4077 impressum
735 4001 796 4054 est:
822 4011 895 4052 nam
910 3988 1021 4052 similes
1036 3998 1089 4073 per
1109 3985 1187 4053 illud
