<?xml version="1.0" encoding="UTF-8"?>
<!DOCTYPE html PUBLIC "-//W3C//DTD XHTML 1.0 Transitional//EN"
    "http://www.w3.org/TR/xhtml1/DTD/xhtml1-transitional.dtd">
<html xmlns="http://www.w3.org/1999/xhtml" xml:lang="en" lang="en">
 <head>
  <title>
</title>
<meta http-equiv="Content-Type" content="text/html;charset=utf-8" />
  <meta name='ocr-system' content='tesseract 3.04.00' />
  <meta name='ocr-capabilities' content='ocr_page ocr_carea ocr_par ocr_line ocrx_word'/>
</head>
<body>
  <div class='ocr_page' id='page_1' title='image "./mtulliiciceroni00clasgoog_0120.png"; bbox 0 0 2736 4696; ppageno 0'>
   <div class='ocr_carea' id='block_1_1' title="bbox 449 278 1188 395">
    <p class='ocr_par' dir='ltr' id='par_1_1' title="bbox 449 278 1188 395">
     <span class='ocr_line' id='line_1_1' title="bbox 449 278 1188 395; baseline -0.003 -39"><span class='ocrx_word' id='word_1_1' title='bbox 449 296 534 357; x_wconf 78' lang='lat' dir='ltr'>rso</span> <span class='ocrx_word' id='word_1_2' title='bbox 561 278 849 362; x_wconf 70' lang='lat' dir='ltr'>strennuo.</span> <span class='ocrx_word' id='word_1_3' title='bbox 1144 320 1188 395; x_wconf 85' lang='lat'>91</span> 
     </span>
    </p>
   </div>
   <div class='ocr_carea' id='block_1_2' title="bbox 11 454 1318 3429">
    <p class='ocr_par' dir='ltr' id='par_1_2' title="bbox 11 454 1318 2313">
     <span class='ocr_line' id='line_1_2' title="bbox 105 454 1201 596; baseline -0.008 -34"><span class='ocrx_word' id='word_1_4' title='bbox 105 514 182 596; x_wconf 86' lang='lat' dir='ltr'>per</span> <span class='ocrx_word' id='word_1_5' title='bbox 200 464 411 562; x_wconf 89' lang='lat' dir='ltr'>hominum</span> <span class='ocrx_word' id='word_1_6' title='bbox 436 481 666 559; x_wconf 87' lang='lat' dir='ltr'>idoneorum</span> <span class='ocrx_word' id='word_1_7' title='bbox 697 479 950 584; x_wconf 80' lang='lat' dir='ltr'>ignominiam</span> <span class='ocrx_word' id='word_1_8' title='bbox 969 454 1041 554; x_wconf 39' lang='lat' dir='ltr'>¹&#39;sua</span> <span class='ocrx_word' id='word_1_9' title='bbox 1066 496 1201 553; x_wconf 85' lang='lat' dir='ltr'>aucto·</span> 
     </span>
     <span class='ocr_line' id='line_1_3' title="bbox 115 598 1267 710; baseline -0.014 -22"><span class='ocrx_word' id='word_1_10' title='bbox 115 616 232 688; x_wconf 78' lang='lat' dir='ltr'>ritate</span> <span class='ocrx_word' id='word_1_11' title='bbox 272 608 341 684; x_wconf 90' lang='lat' dir='ltr'>illa</span> <span class='ocrx_word' id='word_1_12' title='bbox 373 606 520 683; x_wconf 89' lang='lat' dir='ltr'>iudicia</span> <span class='ocrx_word' id='word_1_13' title='bbox 558 598 853 710; x_wconf 68' lang='lat' dir='ltr'>reprehendisse.</span> <span class='ocrx_word' id='word_1_14' title='bbox 914 600 1062 699; x_wconf 88' lang='lat' dir='ltr'>Quodsi</span> <span class='ocrx_word' id='word_1_15' title='bbox 1098 599 1267 675; x_wconf 71' lang='lat' dir='ltr'>hancrtr</span> 
     </span>
     <span class='ocr_line' id='line_1_4' title="bbox 106 722 1200 840; baseline -0.009 -30"><span class='ocrx_word' id='word_1_16' title='bbox 106 722 217 840; x_wconf 79' lang='lat' dir='ltr'>apud</span> <span class='ocrx_word' id='word_1_17' title='bbox 258 757 320 806; x_wconf 93' lang='lat' dir='ltr'>eos</span> <span class='ocrx_word' id='word_1_18' title='bbox 362 731 461 834; x_wconf 90' lang='lat' dir='ltr'>ipsos</span> <span class='ocrx_word' id='word_1_19' title='bbox 493 732 672 804; x_wconf 85' lang='lat' dir='ltr'>Censores</span> <span class='ocrx_word' id='word_1_20' title='bbox 702 726 800 800; x_wconf 92' lang='lat' dir='ltr'>mihi</span> <span class='ocrx_word' id='word_1_21' title='bbox 833 730 909 799; x_wconf 77' lang='lat' dir='ltr'>aut&#39;</span> <span class='ocrx_word' id='word_1_22' title='bbox 941 725 1009 798; x_wconf 91' lang='lat' dir='ltr'>alii</span> <span class='ocrx_word' id='word_1_23' title='bbox 1045 750 1200 800; x_wconf 89' lang='lat' dir='ltr'>causam</span> 
     </span>
     <span class='ocr_line' id='line_1_5' title="bbox 34 845 1199 958; baseline -0.008 -25"><span class='ocrx_word' id='word_1_24' title='bbox 34 850 37 855; x_wconf 38' lang='lat'>¹</span> <span class='ocrx_word' id='word_1_25' title='bbox 105 880 220 958; x_wconf 85' lang='lat' dir='ltr'>agere</span> <span class='ocrx_word' id='word_1_26' title='bbox 262 852 448 929; x_wconf 76' lang='lat' dir='ltr'>licuissett</span> <span class='ocrx_word' id='word_1_27' title='bbox 489 850 713 941; x_wconf 83' lang='lat' dir='ltr'>hominibus</span> <span class='ocrx_word' id='word_1_28' title='bbox 751 848 831 922; x_wconf 83' lang='lat' dir='ltr'>tali&#39;</span> <span class='ocrx_word' id='word_1_29' title='bbox 861 845 1069 951; x_wconf 86' lang='lat' dir='ltr'>prudentia</span> <span class='ocrx_word' id='word_1_30' title='bbox 1095 868 1199 924; x_wconf 85' lang='lat' dir='ltr'>certe</span> 
     </span>
     <span class='ocr_line' id='line_1_6' title="bbox 86 967 1200 1084; baseline -0.005 -32"><span class='ocrx_word' id='word_1_31' title='bbox 86 976 368 1084; x_wconf 82' lang='lat' dir='ltr'>5probavissem</span> <span class='ocrx_word' id='word_1_32' title='bbox 392 973 468 1067; x_wconf 87' lang='lat' dir='ltr'>(res</span> <span class='ocrx_word' id='word_1_33' title='bbox 492 973 597 1047; x_wconf 90' lang='lat' dir='ltr'>enim</span> <span class='ocrx_word' id='word_1_34' title='bbox 623 967 784 1065; x_wconf 86' lang='lat' dir='ltr'>indicat)</span> <span class='ocrx_word' id='word_1_35' title='bbox 810 970 912 1044; x_wconf 92' lang='lat' dir='ltr'>nihil</span> <span class='ocrx_word' id='word_1_36' title='bbox 945 971 1045 1074; x_wconf 88' lang='lat' dir='ltr'>ipsos</span> <span class='ocrx_word' id='word_1_37' title='bbox 1069 971 1200 1048; x_wconf 86' lang='lat' dir='ltr'>habu-</span> 
     </span>
     <span class='ocr_line' id='line_1_7' title="bbox 105 1091 1318 1200; baseline -0.007 -26"><span class='ocrx_word' id='word_1_38' title='bbox 105 1103 185 1174; x_wconf 85' lang='lat' dir='ltr'>isse</span> <span class='ocrx_word' id='word_1_39' title='bbox 204 1097 370 1200; x_wconf 84' lang='lat' dir='ltr'>cogniti,</span> <span class='ocrx_word' id='word_1_40' title='bbox 395 1094 498 1169; x_wconf 90' lang='lat' dir='ltr'>nihil</span> <span class='ocrx_word' id='word_1_41' title='bbox 523 1093 731 1197; x_wconf 80' lang='lat' dir='ltr'>compertit</span> <span class='ocrx_word' id='word_1_42' title='bbox 755 1118 803 1166; x_wconf 84' lang='lat' dir='ltr'>ex</span> <span class='ocrx_word' id='word_1_43' title='bbox 828 1111 906 1177; x_wconf 73' lang='lat' dir='ltr'>tote</span> <span class='ocrx_word' id='word_1_44' title='bbox 931 1091 1002 1166; x_wconf 85' lang='lat' dir='ltr'>ista</span> <span class='ocrx_word' id='word_1_45' title='bbox 1027 1094 1197 1170; x_wconf 85' lang='lat' dir='ltr'>subscri·</span> <span class='ocrx_word' id='word_1_46' title='bbox 1311 1160 1318 1165; x_wconf 85' lang='lat'><strong>.</strong></span> 
     </span>
     <span class='ocr_line' id='line_1_8' title="bbox 11 1217 1197 1330; baseline -0.002 -33"><span class='ocrx_word' id='word_1_47' title='bbox 11 1304 17 1322; x_wconf 49' lang='lat'>‚</span> <span class='ocrx_word' id='word_1_48' title='bbox 105 1223 247 1330; x_wconf 87' lang='lat' dir='ltr'>ptione</span> <span class='ocrx_word' id='word_1_49' title='bbox 272 1246 468 1296; x_wconf 90' lang='lat' dir='ltr'>rumorem</span> <span class='ocrx_word' id='word_1_50' title='bbox 500 1217 696 1320; x_wconf 85' lang='lat' dir='ltr'>quendam</span> <span class='ocrx_word' id='word_1_51' title='bbox 717 1236 755 1292; x_wconf 90' lang='lat' dir='ltr'>et</span> <span class='ocrx_word' id='word_1_52' title='bbox 767 1219 946 1322; x_wconf 88' lang='lat' dir='ltr'>plausum</span> <span class='ocrx_word' id='word_1_53' title='bbox 970 1220 1197 1323; x_wconf 81' lang='lat' dir='ltr'>popularem</span> 
     </span>
     <span class='ocr_line' id='line_1_9' title="bbox 104 1341 1199 1448; baseline -0.003 -26"><span class='ocrx_word' id='word_1_54' title='bbox 104 1371 186 1422; x_wconf 84' lang='lat' dir='ltr'>esse</span> <span class='ocrx_word' id='word_1_55' title='bbox 209 1343 437 1448; x_wconf 81' lang='lat' dir='ltr'>quaesitum·</span> <span class='ocrx_word' id='word_1_56' title='bbox 489 1345 588 1418; x_wconf 85' lang='lat' dir='ltr'>Nam</span> <span class='ocrx_word' id='word_1_57' title='bbox 614 1341 657 1416; x_wconf 90' lang='lat' dir='ltr'>in</span> <span class='ocrx_word' id='word_1_58' title='bbox 682 1342 954 1446; x_wconf 78' lang='lat' dir='ltr'>P.·P0pilium,</span> <span class='ocrx_word' id='word_1_59' title='bbox 980 1344 1049 1444; x_wconf 90' lang='lat' dir='ltr'>qui</span> <span class='ocrx_word' id='word_1_60' title='bbox 1076 1343 1199 1447; x_wconf 90' lang='lat' dir='ltr'>Oppi-</span> 
     </span>
     <span class='ocr_line' id='line_1_10' title="bbox 103 1464 1199 1572; baseline -0.006 -26"><span class='ocrx_word' id='word_1_61' title='bbox 103 1471 267 1547; x_wconf 86' lang='lat' dir='ltr'>anicum</span> <span class='ocrx_word' id='word_1_62' title='bbox 290 1468 582 1558; x_wconf 83' lang='lat' dir='ltr'>condemnarat,</span> <span class='ocrx_word' id='word_1_63' title='bbox 607 1467 829 1572; x_wconf 82' lang='lat' dir='ltr'>subscripsit</span> <span class='ocrx_word' id='word_1_64' title='bbox 853 1472 893 1541; x_wconf 91' lang='lat' dir='ltr'>L.</span> <span class='ocrx_word' id='word_1_65' title='bbox 920 1467 1077 1557; x_wconf 88' lang='lat' dir='ltr'>Gellius,</span> <span class='ocrx_word' id='word_1_66' title='bbox 1091 1464 1199 1570; x_wconf 93' lang='lat' dir='ltr'>quod</span> 
     </span>
     <span class='ocr_line' id='line_1_11' title="bbox 62 1590 1200 1699; baseline -0.004 -31"><span class='ocrx_word' id='word_1_67' title='bbox 62 1595 141 1670; x_wconf 74' lang='lat' dir='ltr'>sois</span> <span class='ocrx_word' id='word_1_68' title='bbox 164 1593 371 1699; x_wconf 88' lang='lat' dir='ltr'>pecuniam</span> <span class='ocrx_word' id='word_1_69' title='bbox 394 1593 612 1698; x_wconf 85' lang='lat' dir='ltr'>accepisset,</span> <span class='ocrx_word' id='word_1_70' title='bbox 645 1620 724 1695; x_wconf 91' lang='lat' dir='ltr'>quo</span> <span class='ocrx_word' id='word_1_71' title='bbox 749 1592 995 1667; x_wconf 84' lang='lat' dir='ltr'>innocentem</span> <span class='ocrx_word' id='word_1_72' title='bbox 1021 1590 1200 1667; x_wconf 89' lang='lat' dir='ltr'>condem-</span> 
     </span>
     <span class='ocr_line' id='line_1_12' title="bbox 105 1714 1199 1821; baseline -0.004 -27"><span class='ocrx_word' id='word_1_73' title='bbox 105 1734 233 1795; x_wconf 85' lang='lat' dir='ltr'>naret.</span> <span class='ocrx_word' id='word_1_74' title='bbox 290 1721 373 1791; x_wconf 90' lang='lat' dir='ltr'>lam</span> <span class='ocrx_word' id='word_1_75' title='bbox 405 1714 447 1791; x_wconf 90' lang='lat' dir='ltr'>id</span> <span class='ocrx_word' id='word_1_76' title='bbox 485 1717 612 1821; x_wconf 90' lang='lat' dir='ltr'>ipsum</span> <span class='ocrx_word' id='word_1_77' title='bbox 646 1733 816 1819; x_wconf 83' lang='lat' dir='ltr'>quantae</span> <span class='ocrx_word' id='word_1_78' title='bbox 850 1714 1098 1791; x_wconf 86' lang='lat' dir='ltr'>divinationis</span> <span class='ocrx_word' id='word_1_79' title='bbox 1132 1733 1199 1804; x_wconf 87' lang='lat' dir='ltr'>est,</span> 
     </span>
     <span class='ocr_line' id='line_1_13' title="bbox 103 1840 1200 1943; baseline -0.004 -25"><span class='ocrx_word' id='word_1_80' title='bbox 103 1840 218 1935; x_wconf 86' lang='lat' dir='ltr'>scire,</span> <span class='ocrx_word' id='word_1_81' title='bbox 237 1840 484 1917; x_wconf 88' lang='lat' dir='ltr'>innocentem</span> <span class='ocrx_word' id='word_1_82' title='bbox 501 1840 616 1916; x_wconf 82' lang='lat' dir='ltr'>fuisse</span> <span class='ocrx_word' id='word_1_83' title='bbox 633 1867 754 1929; x_wconf 91' lang='lat' dir='ltr'>reum,</span> <span class='ocrx_word' id='word_1_84' title='bbox 774 1866 892 1943; x_wconf 92' lang='lat' dir='ltr'>quem</span> <span class='ocrx_word' id='word_1_85' title='bbox 917 1841 1071 1916; x_wconf 75' lang='lat' dir='ltr'>sortasSe</span> <span class='ocrx_word' id='word_1_86' title='bbox 1087 1868 1200 1915; x_wconf 91' lang='lat' dir='ltr'>num·</span> 
     </span>
     <span class='ocr_line' id='line_1_14' title="bbox 104 1961 1205 2068; baseline -0.003 -29"><span class='ocrx_word' id='word_1_87' title='bbox 104 1991 230 2068; x_wconf 79' lang='lat' dir='ltr'>quam</span> <span class='ocrx_word' id='word_1_88' title='bbox 255 1961 421 2051; x_wconf 83' lang='lat' dir='ltr'>viderat,</span> <span class='ocrx_word' id='word_1_89' title='bbox 447 1987 572 2063; x_wconf 87' lang='lat' dir='ltr'>quum</span> <span class='ocrx_word' id='word_1_90' title='bbox 597 1961 772 2037; x_wconf 87' lang='lat' dir='ltr'>homines</span> <span class='ocrx_word' id='word_1_91' title='bbox 796 1961 1073 2065; x_wconf 87' lang='lat' dir='ltr'>sapientissimi,</span> <span class='ocrx_word' id='word_1_92' title='bbox 1099 1961 1205 2036; x_wconf 62' lang='lat' dir='ltr'>iudi-⁴</span> 
     </span>
     <span class='ocr_line' id='line_1_15' title="bbox 107 2085 1197 2190; baseline -0.005 -25"><span class='ocrx_word' id='word_1_93' title='bbox 107 2115 193 2180; x_wconf 87' lang='lat' dir='ltr'>ces,</span> <span class='ocrx_word' id='word_1_94' title='bbox 216 2102 271 2164; x_wconf 75' lang='lat' dir='ltr'>=ut</span> <span class='ocrx_word' id='word_1_95' title='bbox 305 2086 408 2163; x_wconf 90' lang='lat' dir='ltr'>nihil</span> <span class='ocrx_word' id='word_1_96' title='bbox 440 2085 566 2162; x_wconf 81' lang='lat' dir='ltr'>dicam</span> <span class='ocrx_word' id='word_1_97' title='bbox 601 2086 649 2161; x_wconf 95' lang='lat' dir='ltr'>de</span> <span class='ocrx_word' id='word_1_98' title='bbox 683 2087 748 2178; x_wconf 89' lang='lat' dir='ltr'>iis,</span> <span class='ocrx_word' id='word_1_99' title='bbox 781 2087 851 2190; x_wconf 92' lang='lat' dir='ltr'>qui</span> <span class='ocrx_word' id='word_1_100' title='bbox 878 2087 1197 2177; x_wconf 86' lang='lat' dir='ltr'>condemnarunt,</span> 
     </span>
     <span class='ocr_line' id='line_1_16' title="bbox 63 2207 1026 2313; baseline -0.008 -19"><span class='ocrx_word' id='word_1_101' title='bbox 63 2228 227 2293; x_wconf 70' lang='lat' dir='ltr'>ificausa</span> <span class='ocrx_word' id='word_1_102' title='bbox 252 2209 425 2312; x_wconf 80' lang='lat' dir='ltr'>cognita,</span> <span class='ocrx_word' id='word_1_103' title='bbox 451 2210 524 2284; x_wconf 90' lang='lat' dir='ltr'>sibi</span> <span class='ocrx_word' id='word_1_104' title='bbox 550 2209 721 2285; x_wconf 85' lang='lat' dir='ltr'>dixerint</span> <span class='ocrx_word' id='word_1_105' title='bbox 746 2237 824 2286; x_wconf 91' lang='lat' dir='ltr'>non</span> <span class='ocrx_word' id='word_1_106' title='bbox 851 2207 1026 2313; x_wconf 73' lang='lat' dir='ltr'>liquere?</span> 
     </span>
    </p>

    <p class='ocr_par' dir='ltr' id='par_1_3' title="bbox 106 2332 1275 2805">
     <span class='ocr_line' id='line_1_17' title="bbox 209 2332 1275 2439; baseline 0 -30"><span class='ocrx_word' id='word_1_107' title='bbox 209 2334 359 2409; x_wconf 90' lang='lat' dir='ltr'>Verum</span> <span class='ocrx_word' id='word_1_108' title='bbox 391 2349 490 2408; x_wconf 76' lang='lat' dir='ltr'>estot</span> <span class='ocrx_word' id='word_1_109' title='bbox 528 2332 761 2409; x_wconf 86' lang='lat' dir='ltr'>condemnat</span> <span class='ocrx_word' id='word_1_110' title='bbox 799 2334 996 2439; x_wconf 86' lang='lat' dir='ltr'>Popilium</span> <span class='ocrx_word' id='word_1_111' title='bbox 1028 2333 1275 2410; x_wconf 68' lang='lat' dir='ltr'>Gelliustrtr</span> 
     </span>
     <span class='ocr_line' id='line_1_18' title="bbox 107 2456 1208 2561; baseline -0.004 -27"><span class='ocrx_word' id='word_1_112' title='bbox 107 2457 282 2548; x_wconf 86' lang='lat' dir='ltr'>iudicat,</span> <span class='ocrx_word' id='word_1_113' title='bbox 318 2456 500 2560; x_wconf 88' lang='lat' dir='ltr'>accepisse</span> <span class='ocrx_word' id='word_1_114' title='bbox 534 2483 556 2530; x_wconf 86' lang='lat' dir='ltr'>a</span> <span class='ocrx_word' id='word_1_115' title='bbox 591 2458 771 2533; x_wconf 90' lang='lat' dir='ltr'>Cluentio</span> <span class='ocrx_word' id='word_1_116' title='bbox 809 2459 1025 2561; x_wconf 85' lang='lat' dir='ltr'>pecuniam.</span> <span class='ocrx_word' id='word_1_117' title='bbox 1084 2459 1208 2558; x_wconf 74' lang='lat' dir='ltr'>&#39;Negat</span> 
     </span>
     <span class='ocr_line' id='line_1_19' title="bbox 106 2578 1203 2684; baseline -0.004 -27"><span class='ocrx_word' id='word_1_118' title='bbox 106 2582 189 2658; x_wconf 82' lang='lat' dir='ltr'>hoc</span> <span class='ocrx_word' id='word_1_119' title='bbox 207 2578 407 2656; x_wconf 85' lang='lat' dir='ltr'>Lentulus.</span> <span class='ocrx_word' id='word_1_120' title='bbox 434 2579 532 2653; x_wconf 86' lang='lat' dir='ltr'>Nam</span> <span class='ocrx_word' id='word_1_121' title='bbox 557 2580 766 2684; x_wconf 90' lang='lat' dir='ltr'>Popilium,</span> <span class='ocrx_word' id='word_1_122' title='bbox 790 2581 897 2684; x_wconf 88' lang='lat' dir='ltr'>quod</span> <span class='ocrx_word' id='word_1_123' title='bbox 921 2600 1003 2656; x_wconf 83' lang='lat' dir='ltr'>erat</span> <span class='ocrx_word' id='word_1_124' title='bbox 1028 2580 1203 2655; x_wconf 84' lang='lat' dir='ltr'>libertini</span> 
     </span>
     <span class='ocr_line' id='line_1_20' title="bbox 109 2686 1205 2805; baseline -0.002 -26"><span class='ocrx_word' id='word_1_125' title='bbox 109 2705 238 2795; x_wconf 82' lang='lat' dir='ltr'>filius,</span> <span class='ocrx_word' id='word_1_126' title='bbox 270 2705 314 2779; x_wconf 90' lang='lat' dir='ltr'>in</span> <span class='ocrx_word' id='word_1_127' title='bbox 340 2702 524 2778; x_wconf 85' lang='lat' dir='ltr'>senatum</span> <span class='ocrx_word' id='word_1_128' title='bbox 561 2729 642 2778; x_wconf 88' lang='lat' dir='ltr'>non</span> <span class='ocrx_word' id='word_1_129' title='bbox 667 2703 779 2805; x_wconf 63' lang='lat' dir='ltr'>legite</span> <span class='ocrx_word' id='word_1_130' title='bbox 805 2686 936 2778; x_wconf 81' lang='lat' dir='ltr'>locum</span> <span class='ocrx_word' id='word_1_131' title='bbox 959 2703 1119 2803; x_wconf 89' lang='lat' dir='ltr'>quidem</span> <span class='ocrx_word' id='word_1_132' title='bbox 1143 2707 1205 2779; x_wconf 85' lang='lat' dir='ltr'>Se-</span> 
     </span>
    </p>

    <p class='ocr_par' dir='ltr' id='par_1_4' title="bbox 62 2826 1206 3429">
     <span class='ocr_line' id='line_1_21' title="bbox 62 2826 1205 2929; baseline -0.006 -21"><span class='ocrx_word' id='word_1_133' title='bbox 62 2828 313 2908; x_wconf 86' lang='lat' dir='ltr'>2onatorium</span> <span class='ocrx_word' id='word_1_134' title='bbox 347 2826 450 2902; x_wconf 88' lang='lat' dir='ltr'>ludis</span> <span class='ocrx_word' id='word_1_135' title='bbox 484 2845 522 2902; x_wconf 92' lang='lat' dir='ltr'>et</span> <span class='ocrx_word' id='word_1_136' title='bbox 546 2845 669 2902; x_wconf 88' lang='lat' dir='ltr'>cetera</span> <span class='ocrx_word' id='word_1_137' title='bbox 696 2845 922 2901; x_wconf 85' lang='lat' dir='ltr'>ornamenta</span> <span class='ocrx_word' id='word_1_138' title='bbox 946 2826 1147 2929; x_wconf 87' lang='lat' dir='ltr'>relinquit,</span> <span class='ocrx_word' id='word_1_139' title='bbox 1165 2844 1205 2901; x_wconf 89' lang='lat' dir='ltr'>et</span> 
     </span>
     <span class='ocr_line' id='line_1_22' title="bbox 108 2947 1205 3052; baseline -0.005 -26"><span class='ocrx_word' id='word_1_140' title='bbox 108 2978 204 3052; x_wconf 88' lang='lat' dir='ltr'>eum</span> <span class='ocrx_word' id='word_1_141' title='bbox 231 2949 338 3025; x_wconf 88' lang='lat' dir='ltr'>omui</span> <span class='ocrx_word' id='word_1_142' title='bbox 364 2949 750 3052; x_wconf 67' lang='lat' dir='ltr'>ignominia‘liberat.</span> <span class='ocrx_word' id='word_1_143' title='bbox 809 2947 925 3049; x_wconf 90' lang='lat' dir='ltr'>Quod</span> <span class='ocrx_word' id='word_1_144' title='bbox 950 2974 1076 3050; x_wconf 91' lang='lat' dir='ltr'>quum</span> <span class='ocrx_word' id='word_1_145' title='bbox 1100 2949 1205 3040; x_wconf 89' lang='lat' dir='ltr'>sacit,</span> 
     </span>
     <span class='ocr_line' id='line_1_23' title="bbox 112 3072 1206 3179; baseline -0.004 -27"><span class='ocrx_word' id='word_1_146' title='bbox 112 3076 305 3167; x_wconf 84' lang='lat' dir='ltr'>iudicat,·-</span> <span class='ocrx_word' id='word_1_147' title='bbox 332 3075 415 3149; x_wconf 90' lang='lat' dir='ltr'>eius</span> <span class='ocrx_word' id='word_1_148' title='bbox 453 3075 641 3150; x_wconf 85' lang='lat' dir='ltr'>sententia</span> <span class='ocrx_word' id='word_1_149' title='bbox 685 3074 800 3178; x_wconf 81' lang='lat' dir='ltr'>gratis</span> <span class='ocrx_word' id='word_1_150' title='bbox 832 3100 908 3150; x_wconf 87' lang='lat' dir='ltr'>esse</span> <span class='ocrx_word' id='word_1_151' title='bbox 941 3072 1206 3179; x_wconf 87' lang='lat' dir='ltr'>Oppianicum</span> 
     </span>
     <span class='ocr_line' id='line_1_24' title="bbox 114 3199 1206 3304; baseline -0.005 -26"><span class='ocrx_word' id='word_1_152' title='bbox 114 3200 428 3278; x_wconf 80' lang='lat' dir='ltr'>condemnatum.</span> <span class='ocrx_word' id='word_1_153' title='bbox 466 3203 516 3276; x_wconf 90' lang='lat' dir='ltr'>Et</span> <span class='ocrx_word' id='word_1_154' title='bbox 541 3199 709 3275; x_wconf 87' lang='lat' dir='ltr'>eundem</span> <span class='ocrx_word' id='word_1_155' title='bbox 733 3200 931 3304; x_wconf 89' lang='lat' dir='ltr'>Popilium</span> <span class='ocrx_word' id='word_1_156' title='bbox 956 3216 1084 3304; x_wconf 86' lang='lat' dir='ltr'>postea</span> <span class='ocrx_word' id='word_1_157' title='bbox 1108 3201 1206 3272; x_wconf 89' lang='lat' dir='ltr'>Len-</span> 
     </span>
     <span class='ocr_line' id='line_1_25' title="bbox 113 3319 1206 3429; baseline -0.008 -26"><span class='ocrx_word' id='word_1_158' title='bbox 113 3328 221 3403; x_wconf 89' lang='lat' dir='ltr'>tulus</span> <span class='ocrx_word' id='word_1_159' title='bbox 246 3327 290 3402; x_wconf 92' lang='lat' dir='ltr'>in</span> <span class='ocrx_word' id='word_1_160' title='bbox 316 3323 484 3400; x_wconf 86' lang='lat' dir='ltr'>ambitus</span> <span class='ocrx_word' id='word_1_161' title='bbox 509 3322 653 3397; x_wconf 85' lang='lat' dir='ltr'>iudicio</span> <span class='ocrx_word' id='word_1_162' title='bbox 685 3349 757 3429; x_wconf 93' lang='lat' dir='ltr'>pro</span> <span class='ocrx_word' id='word_1_163' title='bbox 793 3320 1010 3399; x_wconf 88' lang='lat' dir='ltr'>testimonio</span> <span class='ocrx_word' id='word_1_164' title='bbox 1044 3319 1206 3424; x_wconf 81' lang='lat' dir='ltr'>diligen-</span> 
     </span>
    </p>
   </div>
   <div class='ocr_carea' id='block_1_3' title="bbox 195 3531 984 3619">
    <p class='ocr_par' dir='ltr' id='par_1_5' title="bbox 195 3531 984 3619">
     <span class='ocr_line' id='line_1_26' title="bbox 195 3531 984 3619; baseline -0.004 -22"><span class='ocrx_word' id='word_1_165' title='bbox 195 3557 227 3597; x_wconf 85' lang='lat'>2.</span> <span class='ocrx_word' id='word_1_166' title='bbox 252 3535 362 3619; x_wconf 87' lang='lat' dir='ltr'>judicia</span> <span class='ocrx_word' id='word_1_167' title='bbox 376 3556 453 3608; x_wconf 72' lang='lat' dir='ltr'>⁸cum</span> <span class='ocrx_word' id='word_1_168' title='bbox 474 3536 608 3616; x_wconf 84' lang='lat' dir='ltr'>equestri</span> <span class='ocrx_word' id='word_1_169' title='bbox 630 3532 738 3593; x_wconf 86' lang='lat' dir='ltr'>ordine</span> <span class='ocrx_word' id='word_1_170' title='bbox 757 3531 984 3616; x_wconf 84' lang='lat' dir='ltr'>reprehendisse</span> 
     </span>
    </p>
   </div>
   <div class='ocr_carea' id='block_1_4' title="bbox 112 3715 1323 4142">
    <p class='ocr_par' dir='ltr' id='par_1_6' title="bbox 112 3715 1323 4142">
     <span class='ocr_line' id='line_1_27' title="bbox 184 3715 1207 3787; baseline -0.003 -16"><span class='ocrx_word' id='word_1_171' title='bbox 184 3735 209 3771; x_wconf 68' lang='grc' dir='ltr'>α.</span> <span class='ocrx_word' id='word_1_172' title='bbox 227 3718 277 3770; x_wconf 86' lang='lat' dir='ltr'>illa</span> <span class='ocrx_word' id='word_1_173' title='bbox 294 3715 398 3784; x_wconf 84' lang='lat' dir='ltr'>judicia</span> <span class='ocrx_word' id='word_1_174' title='bbox 415 3715 626 3787; x_wconf 84' lang='lat' dir='ltr'>reprehendisee</span> <span class='ocrx_word' id='word_1_175' title='bbox 646 3717 687 3769; x_wconf 77' lang='lat' dir='ltr'>Cr</span> <span class='ocrx_word' id='word_1_176' title='bbox 702 3718 789 3781; x_wconf 79' lang='lat' dir='ltr'>(coni,</span> <span class='ocrx_word' id='word_1_177' title='bbox 809 3717 937 3780; x_wconf 82' lang='lat' dir='ltr'>Ernesti)</span> <span class='ocrx_word' id='word_1_178' title='bbox 955 3716 1003 3768; x_wconf 79' lang='lat' dir='ltr'>illa</span> <span class='ocrx_word' id='word_1_179' title='bbox 1022 3716 1125 3770; x_wconf 86' lang='lat' dir='ltr'>iudicia</span> <span class='ocrx_word' id='word_1_180' title='bbox 1144 3734 1207 3769; x_wconf 89' lang='lat' dir='ltr'>cum</span> 
     </span>
     <span class='ocr_line' id='line_1_28' title="bbox 114 3786 1060 3860; baseline -0.001 -18"><span class='ocrx_word' id='word_1_181' title='bbox 114 3789 238 3859; x_wconf 84' lang='lat' dir='ltr'>equestri</span> <span class='ocrx_word' id='word_1_182' title='bbox 258 3788 364 3842; x_wconf 73' lang='lat' dir='ltr'>ordine</span> <span class='ocrx_word' id='word_1_183' title='bbox 390 3787 497 3856; x_wconf 85' lang='lat' dir='ltr'>repreh.</span> <span class='ocrx_word' id='word_1_184' title='bbox 515 3788 630 3858; x_wconf 77' lang='lat' dir='ltr'>Boulg.</span> <span class='ocrx_word' id='word_1_185' title='bbox 671 3832 673 3837; x_wconf 88' lang='lat'><em>.</em></span> <span class='ocrx_word' id='word_1_186' title='bbox 751 3790 774 3839; x_wconf 83' lang='lat'>3.</span> <span class='ocrx_word' id='word_1_187' title='bbox 794 3787 853 3860; x_wconf 83' lang='lat' dir='ltr'>eos]</span> <span class='ocrx_word' id='word_1_188' title='bbox 881 3786 990 3839; x_wconf 82' lang='lat' dir='ltr'>eosdem</span> <span class='ocrx_word' id='word_1_189' title='bbox 1016 3789 1060 3841; x_wconf 75' lang='lat' dir='ltr'>Cr</span> 
     </span>
     <span class='ocr_line' id='line_1_29' title="bbox 112 3856 1205 3933; baseline -0.003 -23"><span class='ocrx_word' id='word_1_190' title='bbox 112 3858 264 3933; x_wconf 78' lang='lat' dir='ltr'>prudentia</span> <span class='ocrx_word' id='word_1_191' title='bbox 282 3858 416 3927; x_wconf 71' lang='lat' dir='ltr'>praeditis</span> <span class='ocrx_word' id='word_1_192' title='bbox 436 3859 480 3910; x_wconf 77' lang='lat' dir='ltr'>Cr</span> <span class='ocrx_word' id='word_1_193' title='bbox 552 3861 574 3909; x_wconf 86' lang='lat'>5.</span> <span class='ocrx_word' id='word_1_194' title='bbox 583 3856 767 3926; x_wconf 80' lang='lat' dir='ltr'>probavissem</span> <span class='ocrx_word' id='word_1_195' title='bbox 785 3857 811 3908; x_wconf 83' lang='lat' dir='ltr'>t.</span> <span class='ocrx_word' id='word_1_196' title='bbox 831 3859 850 3916; x_wconf 85' lang='lat' dir='ltr'>l.</span> <span class='ocrx_word' id='word_1_197' title='bbox 867 3856 1011 3910; x_wconf 84' lang='lat' dir='ltr'>desinitC</span> <span class='ocrx_word' id='word_1_198' title='bbox 1108 3861 1134 3912; x_wconf 89' lang='grc'>6.</span> <span class='ocrx_word' id='word_1_199' title='bbox 1153 3860 1205 3908; x_wconf 78' lang='lat' dir='ltr'>ista</span> 
     </span>
     <span class='ocr_line' id='line_1_30' title="bbox 115 3927 1206 4000; baseline -0.002 -20"><span class='ocrx_word' id='word_1_200' title='bbox 115 3933 201 3999; x_wconf 66' lang='grc' dir='ltr'>ρίεκ</span> <span class='ocrx_word' id='word_1_201' title='bbox 219 3931 308 3995; x_wconf 77' lang='lat' dir='ltr'>corti.)</span> <span class='ocrx_word' id='word_1_202' title='bbox 326 3948 342 3980; x_wconf 82' lang='grc' dir='ltr'><em>τ</em></span> <span class='ocrx_word' id='word_1_203' title='bbox 383 3931 443 4000; x_wconf 84' lang='lat' dir='ltr'>ipso</span> <span class='ocrx_word' id='word_1_204' title='bbox 463 3931 488 3983; x_wconf 78' lang='lat' dir='ltr'>li</span> <span class='ocrx_word' id='word_1_205' title='bbox 507 3929 566 3981; x_wconf 84' lang='lat' dir='ltr'>rell.</span> <span class='ocrx_word' id='word_1_206' title='bbox 589 3927 649 3981; x_wconf 84' lang='lat' dir='ltr'>edd.</span> <span class='ocrx_word' id='word_1_207' title='bbox 721 3932 744 3980; x_wconf 91' lang='lat'>8.</span> <span class='ocrx_word' id='word_1_208' title='bbox 767 3929 794 3980; x_wconf 88' lang='lat' dir='ltr'>P.</span> <span class='ocrx_word' id='word_1_209' title='bbox 813 3934 860 3993; x_wconf 65' lang='lat' dir='ltr'>nx</span> <span class='ocrx_word' id='word_1_210' title='bbox 888 3930 959 3982; x_wconf 85' lang='lat' dir='ltr'>coni.</span> <span class='ocrx_word' id='word_1_211' title='bbox 977 3929 1006 3981; x_wconf 90' lang='lat' dir='ltr'>F.</span> <span class='ocrx_word' id='word_1_212' title='bbox 1034 3929 1141 3994; x_wconf 86' lang='lat' dir='ltr'>Ursini)</span> <span class='ocrx_word' id='word_1_213' title='bbox 1167 3944 1206 3996; x_wconf 69' lang='lat' dir='ltr'>&lt;ts</span> 
     </span>
     <span class='ocr_line' id='line_1_31' title="bbox 113 3997 1206 4071; baseline -0.002 -19"><span class='ocrx_word' id='word_1_214' title='bbox 113 4002 146 4052; x_wconf 83' lang='lat' dir='ltr'>L.</span> <span class='ocrx_word' id='word_1_215' title='bbox 182 3998 363 4054; x_wconf 70' lang='lat' dir='ltr'>lircil-edd.</span> <span class='ocrx_word' id='word_1_216' title='bbox 517 4001 554 4068; x_wconf 72' lang='lat'>14.</span> <span class='ocrx_word' id='word_1_217' title='bbox 575 3999 617 4051; x_wconf 86' lang='lat' dir='ltr'>his</span> <span class='ocrx_word' id='word_1_218' title='bbox 639 3997 786 4071; x_wconf 78' lang='lat' dir='ltr'>ABdstu</span> <span class='ocrx_word' id='word_1_219' title='bbox 930 4001 968 4056; x_wconf 78' lang='lat'>15.</span> <span class='ocrx_word' id='word_1_220' title='bbox 988 3998 1053 4070; x_wconf 85' lang='lat' dir='ltr'>sibi]</span> <span class='ocrx_word' id='word_1_221' title='bbox 1074 4000 1126 4051; x_wconf 87' lang='lat' dir='ltr'>sibi</span> <span class='ocrx_word' id='word_1_222' title='bbox 1145 4006 1206 4051; x_wconf 76' lang='lat' dir='ltr'>esse</span> 
     </span>
     <span class='ocr_line' id='line_1_32' title="bbox 115 4069 1323 4142; baseline -0.004 -18"><span class='ocrx_word' id='word_1_223' title='bbox 115 4071 170 4125; x_wconf 82' lang='grc' dir='ltr'>ΑΒ</span> <span class='ocrx_word' id='word_1_224' title='bbox 239 4069 425 4123; x_wconf 68' lang='lat' dir='ltr'>eliseruntII</span> <span class='ocrx_word' id='word_1_225' title='bbox 564 4088 605 4124; x_wconf 67' lang='grc' dir='ltr'>πο.</span> <span class='ocrx_word' id='word_1_226' title='bbox 633 4070 767 4142; x_wconf 87' lang='lat' dir='ltr'>relinquit</span> <span class='ocrx_word' id='word_1_227' title='bbox 786 4070 849 4140; x_wconf 78' lang='grc' dir='ltr'>ξρτ</span> <span class='ocrx_word' id='word_1_228' title='bbox 955 4070 1068 4141; x_wconf 87' lang='lat' dir='ltr'>reliquit</span> <span class='ocrx_word' id='word_1_229' title='bbox 1095 4073 1129 4122; x_wconf 87' lang='lat'>11</span> <span class='ocrx_word' id='word_1_230' title='bbox 1145 4069 1205 4124; x_wconf 84' lang='lat' dir='ltr'>rell.</span> <span class='ocrx_word' id='word_1_231' title='bbox 1318 4127 1323 4137; x_wconf 21' lang='grc' dir='ltr'>ἱ</span> 
     </span>
    </p>
   </div>
   <div class='ocr_carea' id='block_1_5' title="bbox 115 4137 228 4225">
    <p class='ocr_par' dir='ltr' id='par_1_7' title="bbox 115 4137 228 4225">
     <span class='ocr_line' id='line_1_33' title="bbox 115 4137 228 4225; baseline 0.027 -33"><span class='ocrx_word' id='word_1_232' title='bbox 115 4137 175 4195; x_wconf 74' lang='lat' dir='ltr'>edd.</span> <span class='ocrx_word' id='word_1_233' title='bbox 215 4216 228 4225; x_wconf 21' lang='lat' dir='ltr'><em>a</em></span> 
     </span>
    </p>
   </div>
   <div class='ocr_carea' id='block_1_6' title="bbox 0 0 1377 4696">
    <p class='ocr_par' dir='ltr' id='par_1_8' title="bbox 0 0 1377 4696">
     <span class='ocr_line' id='line_1_34' title="bbox 0 0 1377 4696; baseline 0 0"><span class='ocrx_word' id='word_1_234' title='bbox 0 0 1377 4696; x_wconf 95' lang='lat' dir='ltr'> </span> 
     </span>
    </p>
   </div>
  </div>
 </body>
</html>
