2736 4696
460 277 546 339 rao
569 280 608 339 n.
628 271 857 343 crunnum.
878 250 882 255 ’
1191 284 1237 360 65

120 453 123 457 ’
154 464 377 570 putabatur.
403 459 505 538 Num
527 462 647 566 igitur
670 462 744 538 hoc
769 481 937 568 tempore
962 487 1070 538 causa
1092 483 1238 542 mutata

154 589 232 662 esti
265 613 363 661 num
395 584 472 662 alia
510 613 587 675 res,
623 588 698 661 alia
723 591 822 662 ratio
849 588 953 662 illius
978 586 1132 670 iudicii,
1162 592 1239 664 alia

155 698 297 785 natura
324 690 439 784 totius
465 710 606 812 negotii
630 739 736 785 nunc
761 731 830 800 est,
856 739 900 785 ac
925 731 1009 786 tum
1034 712 1131 785 fuist
1155 716 1241 790 Non

157 831 298 937 opinor
311 843 367 904 ‘ex
392 832 437 906 iis
462 833 585 920 rebus,
612 859 712 935 quae
736 853 858 934 gestae
882 853 981 921 sunt,
1008 861 1088 907 rem
1121 837 1242 910 ullam

140 955 323 1058 5potuisse
341 951 494 1028 mutari.
547 954 655 1050 Quid
671 982 759 1056 ergo
768 975 823 1030 cst
838 982 979 1048 causac,
1004 957 1110 1058 quod
1137 986 1242 1032 nunc
1263 945 1302 1026 93

159 1096 287 1153 nostra
312 1076 479 1151 defensio
502 1075 684 1151 audiatur
709 1096 814 1154 tanto
831 1080 992 1168 silentio,
1020 1098 1103 1153 tum
1128 1081 1242 1156 lunio

163 1199 394 1277 defendendi
418 1199 476 1274 sui
503 1204 664 1304 potestas
688 1218 818 1304 crepta
842 1201 914 1276 siri
962 1202 1065 1297 Quia
1092 1220 1176 1298 tum
1200 1203 1243 1279 in

162 1351 272 1400 causo
296 1321 399 1397 nihil
426 1340 526 1412 erat,
554 1343 707 1427 praeter
732 1321 933 1412 invidiam,
960 1351 1151 1415 errorem,
1183 1353 1244 1400 su·

158 1448 390 1552 opinionem,
414 1447 617 1522 conciones
631 1446 893 1550 quotidianas,
919 1447 1090 1523 seditiose
1108 1476 1151 1523 ac
1178 1478 1245 1554 po·

134 1562 350 1672 ropnlariter
380 1570 596 1645 concitatas.
656 1569 867 1645 Accusahat
894 1570 1093 1647 Tribunus
1124 1572 1246 1676 plebis

161 1688 263 1764 idem
287 1689 330 1765 in
354 1691 620 1778 concionibus,
647 1689 746 1764 idem
774 1689 824 1764 ad
848 1691 1042 1766 subsellia:
1071 1693 1120 1768 ad
1145 1695 1246 1769 iudi-

152 1811 263 1887 cium
289 1840 369 1887 uon
395 1811 510 1888 modo
533 1811 584 1887 de
609 1815 805 1903 concione,
827 1813 894 1888 sed
919 1815 1034 1899 etiam
1050 1841 1139 1890 cum
1166 1817 1246 1923 ipsa

160 1934 345 2010 concione
370 1936 584 2010 veniebat.»
607 1935 760 2010 Gradus
785 1937 843 2010 illi
867 1938 1015 2011 Aurelii
1043 1958 1125 2013 tum
1140 1943 1244 2026 novi,

155 2057 270 2160 ¹<premi
294 2085 367 2163 pro
401 2058 552 2133 theatro
577 2057 637 2132 illi
664 2058 808 2133 indicio
833 2060 1022 2135 aedificati
1067 2062 1247 2138 videban-

134 2198 247 2262 rttnr:
270 2211 370 2286 quos
395 2182 465 2256 ubi
484 2201 679 2258 accusator
698 2184 897 2258 concitatis
913 2183 1134 2258 hominibus
1147 2212 1248 2261 com·

162 2309 296 2413 plorat,
323 2334 403 2381 non
429 2306 542 2382 modo
567 2305 722 2386 dicendi
748 2308 795 2381 ab
814 2331 890 2396 reo,
915 2305 979 2380 sed
1002 2333 1049 2379 ne
1066 2307 1246 2408 surgendi

160 2430 321 2532 quidem
347 2426 510 2534 potestas
518 2449 624 2511 „erat
675 2431 808 2534 Nuper
824 2429 928 2534 apud
949 2433 987 2504 C.
1007 2431 1243 2523 Orchivium,
1268 2441 1309 2530 94

163 2555 348 2656 collegam
371 2578 512 2641 meum,
539 2553 644 2626 locus
668 2552 716 2626 ab
742 2551 935 2627 iudicibus
961 2551 1098 2626 Fausto
1121 2554 1247 2656 Syllae

164 2675 212 2751 dc
236 2675 413 2781 pecuniis
438 2672 596 2748 residuis
621 2701 700 2747 non
717 2691 771 2748 est
787 2673 1036 2748 constitutus:
1064 2701 1141 2749 non
1167 2703 1247 2778 quo

135 2797 224 2873 »oilli
246 2815 320 2872 aut
343 2798 509 2898 exlegem
543 2821 618 2870 esse
653 2796 816 2898 Syllam,
847 2812 917 2868 aut
941 2811 1092 2870 causam
1126 2825 1248 2902 pecu-

165 2923 251 2997 niae
274 2921 455 3024 publicae
487 2938 745 3023 contemptam
779 2936 896 3019 atque
919 2918 1106 2992 abiectam
1137 2941 1248 3024 puta·

166 3063 271 3137 rent3
297 3041 363 3117 sed
387 3040 509 3144 quod,
533 3059 735 3116 accusante
756 3039 935 3114 Tribuno
961 3041 1092 3144 plebis,
1118 3044 1249 3122 co‘ndi·.

166 3168 269 3244 tione
293 3192 415 3267 aequa
440 3163 643 3269 disceptari
670 3188 776 3267 posse
802 3189 881 3237 non
899 3183 1099 3266 putarunt.
1124 3165 1248 3263 Quid?

240 3375 278 3441 6.
302 3388 385 3439 tunc.
442 3388 445 3393 ’
476 3396 525 3458 ip.
546 3376 585 3436 C.
608 3374 801 3435 Orchinium.

233 3583 260 3640 3.
278 3587 376 3642 natura
393 3579 485 3641 om.C
576 3576 658 3650 ldis]
688 3577 730 3630 his
748 3574 969 3650 ABabcquae
987 3580 1010 3632 is
1029 3579 1096 3655 slrp
1190 3599 1250 3653 ges-

167 3655 224 3723 tae]
243 3651 335 3705 dictas
369 3665 416 3704 ut.
482 3653 508 3702 6,
528 3656 586 3701 turn
605 3650 655 3702 AB
672 3656 737 3700 tunc
753 3651 805 3703 Ro
902 3647 1076 3704 .se‹litiones
1094 3652 1153 3710 AB.
1210 3670 1249 3722 17.

168 3723 368 3785 &Orchivium
387 3721 462 3774 ABb
482 3721 652 3786 (corrjPal.
673 3737 727 3771 aa
783 3721 813 3772 C·
832 3669 960 3771 Orclium
979 3723 1007 3774 C.
1045 3724 1075 3774 C.
1094 3722 1250 3787 Archivium

167 3812 184 3847 a
200 3854 203 3859 ¹
217 3792 392 3844 Corinthium
410 3810 435 3842 m
472 3793 492 3843 C
519 3791 679 3842 Orchinium
694 3790 717 3842 R
735 3791 812 3858 vulg.
886 3808 925 3856 ¹9·
943 3791 1070 3864 residuis]
1090 3795 1249 3860 repetundis

168 3863 241 3918 ABb
261 3867 365 3928 (corr)
418 3869 459 3912 est
476 3877 526 3912 om.
546 3875 560 3910 ε
648 3859 713 3931 quo]
736 3859 809 3930 quod
829 3856 859 3909 C·
879 3860 1017 3921 Priscian.
1035 3882 1064 3934 p.
1088 3866 1146 3930 725.
1166 3863 1191 3914 P.
1213 3866 1250 3923 ξτ

169 3951 210 3988 so.
227 3935 328 4000 exlege
347 3946 409 3991 αες
479 3949 519 3984 2¹.
541 3937 723 3996 contemptam
740 3929 875 3986 abiectum
893 3930 1003 3992 (sicjc
1043 3929 1184 3983 ,obiectam
1205 3937 1250 3986 Ao

139 4002 306 4074 „putarentl
327 4003 493 4054 arbitrentur
510 4003 596 4058 Prisc.
637 4005 679 4054 23.
698 4001 785 4071 posse]
804 3997 913 4066 publice
935 4002 986 4053 ΑΒ
1020 4018 1099 4071 posse
1118 4005 1251 4071 populum

170 4091 189 4124 r.
208 4075 242 4141 (i.
265 4091 288 4126 s.
307 4074 394 4142 Rom)
413 4087 469 4122 non
487 4069 697 4140 defglzilrmu
733 4087 788 4121 non
807 4087 858 4124 om.
877 4084 1010 4124 norstu
1045 4080 1178 4143 pritarnnt
1198 4075 1250 4126 AB

170 4151 296 4212 putarent
314 4159 331 4215 ρ
367 4144 536 4212 putabants
571 4149 737 4211 putaverunt
754 4142 775 4193 lt
792 4140 869 4211 vulg.
