2736 4696
225 231 295 305 208
632 228 883 292 ADNOTATIO

223 421 296 475 tam.
351 408 521 474 Plurimum
560 430 680 495 quoque
720 415 759 476 ad
794 414 894 476 locum
928 392 1050 497 prorsus
1085 419 1306 485 restituendum

224 519 330 599 optimi
347 521 443 580 nostri
468 519 538 581 libri
557 519 710 600 iecerunt,
737 523 790 603 qni
810 523 852 584 ab
871 523 999 605 haspro
1022 524 1118 596 adbuc
1141 525 1220 588 bene
1240 549 1303 589 ser-

224 634 357 687 varunt:
380 646 452 687 nans
475 646 555 708 opus
573 638 638 687 erat
657 627 715 688 bac
738 630 944 710 oppositione:
973 629 1049 691 milti
1065 633 1155 691 uerat.
1171 635 1203 694 in
1221 656 1307 697 men-

224 742 345 791 tem..—-
361 731 407 797 ‚ab
441 734 505 803 boc,
522 733 634 794 dictum
657 749 788 803 nonest.
828 735 903 797 Nam
924 736 1021 797 Sassia
1049 736 1191 819 quidem,
1219 743 1305 824 quod

228 857 298 896 mox
320 841 541 919 cognoscimus,
567 840 644 911 inter
660 840 866 921 quaerendam
885 841 978 920 idem,
996 843 1078 925 quod
1098 845 1204 907 Cicero
1225 869 1310 920 nunc

223 941 327 1017 affert,
343 945 555 1008 dictitaverat.
578 980 616 993 -
640 946 691 1009 Ad
712 958 894 1025 structuram
913 970 1096 1032 quamquam
1108 973 1166 1035 per
1186 974 1217 1014 se
1234 957 1305 1016 satis

224 1048 391 1133 expeditam
417 1052 473 1115 cfr.
495 1075 524 1114 c.
546 1051 598 1114 66.
624 1050 701 1135 187:
733 1053 900 1114 Stratonem
919 1054 952 1114 in
980 1074 1093 1117 crucem
1119 1072 1219 1120 actum
1246 1083 1306 1126 esse

222 1157 332 1219 scitote.
400 1176 403 1182 ·

311 1315 386 1376 129,
416 1314 462 1357 ια.
490 1307 554 1373 trun
581 1296 747 1359 Stratonem
767 1331 807 1347 -
831 1298 959 1382 danitae]
986 1299 1189 1366 Confirmant
1216 1305 1249 1366 h.
1281 1306 1303 1374 Ι.

225 1403 318 1486 (quod
341 1405 392 1465 vix
415 1405 525 1463 iterum
544 1400 656 1462 factum
679 1423 742 1463 esse
764 1401 865 1482 credo)
876 1405 984 1486 egregii
1005 1406 1094 1473 codd.
1116 1412 1211 1470 nostri
1230 1431 1305 1471 con-

221 1511 369 1572 iecturam
389 1508 522 1573 Scbiitzii
533 1553 544 1585 ‚
570 1531 663 1590 quam
683 1508 817 1585 Orellius
837 1512 946 1572 iniuste
967 1512 1120 1594 explodit,
1156 1517 1220 1598 ipse
1240 1530 1303 1580 toto
1351 1523 1353 1527 ’

207 1616 281 1678 'boc
311 1615 378 1677 loco
394 1635 510 1694 “errore
535 1613 706 1696 implicitus.
759 1617 828 1676 Non
853 1619 942 1687 ‚enim
971 1629 1127 1701 tamquam
1157 1622 1197 1684 de
1226 1625 1304 1688 facto

222 1723 300 1786 baec
320 1717 457 1806 quaestio
477 1722 655 1806 proferenda
674 1734 757 1784 erat:
779 1745 820 1785 an
832 1757 869 1796 2-
889 1723 990 1786 Strato
1011 1727 1095 1788 drzu
1112 1729 1151 1790 de
1170 1740 1304 1794 ueneno?

223 1831 276 1897 sed
298 1831 361 1904 ita,
384 1829 539 1898 utstatim
563 1839 737 1911 appareret,
775 1829 800 1888 si
818 1829 879 1890 tale
899 1831 974 1911 quid
993 1853 1012 1892 a
1030 1833 1131 1895 Sassia
1152 1849 1232 1900 esset
1257 1839 1302 1901 di-

225 1950 323 2018 ctum,
348 1934 424 1996 nibil
445 1922 684 1995 nisi'confictum
705 1934 797 1994 luisse
820 1934 1019 1998 mendacium.

307 2095 359 2145 no.
384 2072 531 2158 primam]
564 2073 613 2133 Sic
643 2083 723 2133 recte
752 2072 888 2134 dedimus
917 2095 974 2155 pro
1002 2076 1126 2160 vulgato
1147 2036 1302 2167 pam„

222 2181 300 2245 nibil
320 2179 393 2243 h.1.
418 2180 456 2242 de
479 2180 577 2262 prima
600 2179 734 2239 oratione
758 2181 930 2262 quaeritur=
965 2174 1017 2242 sed
1040 2185 1180 2268 primum
1204 2201 1303 2272 aperte

223 2292 257 2352 in
277 2288 480 2352 enumerando
503 2286 662 2368 respondet
680 2288 815 2368 sequenti
835 2286 1001 2372 particulae
1017 2303 1096 2374 post.

312 2431 379 2507 130,
402 2429 432 2490 ὅ,
454 2428 562 2489 veneni
579 2428 645 2487 iam
664 2423 803 2510 suspicio]
836 2423 916 2509 vulg.
937 2428 1122 2511 suspicione:
1160 2428 1302 2517 ernenda-¹

157 2524 169 2546 ⁴
222 2540 304 2602 tione
331 2548 435 2599 nostra
462 2556 498 2597 ex
526 2536 648 2617 optimis
674 2533 762 2595 codd.
791 2514 884 2615 petita
913 2553 975 2595 non
1004 2534 1102 2596 solum
1132 2521 1301 2619 euphoniae

222 2645 400 2720 consulitur,
423 2642 549 2706 molesto
569 2639 807 2707 homoeoteleuto
825 2639 961 2719 sublst03
982 2641 1034 2704 sed
1057 2646 1148 2705 etiam
1171 2645 1210 2706 ad
1234 2665 1301 2707 ora-

221 2756 312 2816 tionis
342 2773 453 2832 nexum
488 2750 587 2813 multo
616 2756 762 2828 praestat,
800 2746 876 2809 illud
904 2769 968 2810 non
989 2749 1132 2831 pendenti
1166 2753 1301 2813 oratione

220 2861 400 2943 (suspr‘cione
430 2890 472 2910 ·-
505 2859 639 2928 sublata)
670 2874 733 2914 esse
768 2856 997 2933 enarratum,
1024 2857 1106 2918 unde
1146 2866 1302 2942 sequentia

221 2968 324 3026 omnia
354 2964 496 3048 pendent.
536 2963 608 3021 Mox
634 2959 780 3020 iudicaret
803 2981 838 3020 ex
863 2961 952 3023 MSS.
977 2963 1197 3045 praetulimuss
1230 2988 1301 3029 nam

221 3071 336 3133 Sassiae
357 3072 477 3156 aliquod
496 3067 635 3130 indoctum
656 3069 688 3130 in
699 3067 867 3144 beneficiis,
889 3089 968 3153 quae
988 3073 1020 3132 in
1033 3072 1206 3136 Stratonem
1227 3097 1300 3140 con-

222 3177 353 3253 tulerat,
376 3180 469 3241 inesse
490 3176 557 3234 iure
577 3173 812 3235 existimabatur.
899 3211 902 3217 -
951 3209 952 3214 κ

308 3347 381 3420 131,
410 3361 435 3401 1.
457 3336 583 3424 efferos]
606 3338 700 3398 Hanc·
713 3338 840 3399 formam
861 3361 931 3402 cnm
952 3340 1044 3404 ¹libris
1063 3345 1206 3410 omnibus
1227 3350 1300 3412 reti-

220 3472 301 3514 neo:
326 3454 401 3508 inest
421 3445 581 3507 admiratio
599 3443 748 3526 quaedam
770 3445 801 3505 in
823 3447 1029 3510 coniunctivo.

172 3680 175 3687 ,
237 3606 240 3615 ¹
300 3621 331 3684 5.
350 3621 429 3683 nait
449 3631 492 3680 est
509 3617 701 3690 motornatts]
733 3615 796 3677 Pro
824 3619 902 3677 nibil
919 3617 1041 3702 Sylvius
1060 3623 1194 3708 aln'an’nl,
1225 3629 1299 3691 Pas.

188 3759 190 3763 ⁷
217 3732 344 3795 sentius
362 3722 503 3788 nonnihil
524 3722 669 3785 coniecit:
692 3721 891 3804 probantibus
912 3725 1060 3789 Lambino
1079 3732 1298 3815 etGaratonio,

218 3839 319 3920 magni
339 3834 442 3896 iudicii
456 3834 540 3894 viris.
572 3831 689 3891 Tamen
705 3851 768 3891 non
787 3831 914 3893 accedo:
939 3855 1010 3896 nam
1026 3834 1102 3898 illud
1119 3854 1191 3921 esto,
1214 3843 1298 3924 quoti

217 3939 369 4028 praecedit
391 3937 423 4004 b.
445 3938 465 4006 l.
490 3957 552 3999 non
572 3948 617 3999 est
629 3937 820 3998 concedentis
831 3936 947 4020 aliquid
968 3943 1055 4024 (quae
1076 3955 1120 4005 est
1143 3950 1298 4012 notissima

218 4050 282 4111 eius
308 4044 511 4130 significatio),
528 4042 581 4106 sed
597 4042 760 4120 deserentis
786 4045 992 4125 quaestionem
1021 4046 1153 4132 aliquam
1174 4069 1210 4120 ut
1228 4065 1298 4123 nans

777 4166 789 4196 t
