2736 4696
192 244 267 325 xxii

211 445 240 510 λ.
272 443 329 512 Ed.
350 444 467 506 Veneta
487 444 576 508 Pauli
599 445 730 511 Manutii
751 471 779 510 a.
798 448 908 512 1562:
939 447 978 511 ad
999 445 1168 529 exemplum
1191 448 1271 509 Nau-

203 590 208 599 ·’
274 576 412 656 gerionae
432 578 721 657 passim'oorrecta:
758 601 792 641 ex
821 581 1002 642 bibliotheca
1038 581 1163 644 illustris
1193 582 1272 643 lica·

274 705 392 777 demine
413 705 597 771 Fridericiae
617 708 823 772 ‘'Wilhelmiae
846 709 1018 775 Rhenanae.
1064 744 1066 749 ·

210 855 265 911 μ.,
285 833 345 900 Ed.
363 835 461 904 Paris.
483 838 718 922 1539.·R0berti
743 839 904 922 Stephani,
927 840 981 922 qui
1001 837 1205 901 iiiotorianam
1226 862 1273 903 se-

263 972 376 1056 ‘qustut'
397 995 459 1035 non
482 977 546 1039 sine
571 977 694 1061 proprio
717 976 849 1040 iudicio:
881 998 917 1038 ex
948 974 1024 1042 bibl.
1044 974 1191 1060 gymnasii
1213 971 1274 1034 Ca·
1321 985 1323 988 ’

250 1134 252 1141 ’
274 1103 358 1166 thol..
371 1103 478 1170 Colon.
1256 1162 1258 1166 7

217 1257 247 1299 a.
283 1236 344 1298 Ed.
362 1236 461 1303 Paris.
479 1235 566 1315 1554„
584 1236 685 1301 Caroli
698 1238 854 1323 Stephani
880 1239 929 1301 Ad
949 1240 1013 1300 eius
1029 1235 1141 1298 oaloem
1154 1233 1274 1295 additae

192 1429 196 1444 ,
241 1406 243 1410 «
275 1341 368 1429 sunt:
407 1370 512 1429 variae
538 1371 672 1432 lectiones
699 1385 875 1433 venatorum
899 1369 1117 1454 exemplunm
1144 1368 1221 1428 inter
1244 1385 1275 1425 se

279 1499 472 1562 collatorem
507 1520 579 1580 eas,
610 1513 805 1588 qnamqa'am-
824 1502 922 1565 omnis
950 1498 1013 1559 fere
1035 1500 1067 1558 in
1090 1496 1191 1581 pravis
1223 1491 1272 1554 ed.

207 1680 209 1684 .
277 1629 369 1714 1472.
394 1632 552 1714 scripturis
571 1594 756 1712 reperimus}
786 1631 871 1712 signo
901 1649 920 1701 ς
948 1639 1066 1692 notatas
1090 1626 1275 1693 exhibemus.

272 1760 432 1823 Niebuhrii
456 1758 627 1844 exernplnm
653 1760 848 1824 contulimus.
1104 1846 1106 1849 Ι

211 1891 238 1965 ξ.
273 1892 532 1953 Praestantissima
557 1889 699 1952 Lambini
734 1890 826 1952 editio
859 1912 889 1952 a.
925 1889 1039 1954 1566.=
1064 1911 1142 1972 quae
1175 1899 1206 1950 et
1236 1887 1277 1949 ab

192 2045 194 2048 ’
273 2020 390 2083 Orellio
425 2019 651 2103 diligentissime
686 2013 909 2101 subtimeret,
939 2031 970 2082 et
997 2020 1086 2082 nobis
1122 2019 1160 2080 ad
1187 2040 1278 2081 usum

230 2160 233 2166 '
272 2161 337 2214 erat
357 2171 496 2215 oonoessa
517 2171 552 2211 ex
573 2149 715 2212 biblioth.
741 2148 836 2216 Acad.
856 2149 912 2210 Fr.
934 2148 1034 2213 Wilh.
1057 2149 1158 2212 Rhea.
1190 2148 1277 2211 Alte-

271 2305 338 2346 ram
369 2282 533 2370 editionem
562 2281 792 2345 Lambinianam
823 2293 893 2366 post
920 2281 1021 2363 magni
1054 2281 1114 2344 viri
1135 2289 1275 2358 mortem,

259 2388 389 2479 ‘dasena
420 2412 598 2498 plerumque
628 2413 720 2496 ipsius
748 2414 921 2505 recensione
942 2433 969 2472 a.
994 2410 1073 2490 1584
1094 2409 1278 2487 conlectam,

268 2548 397 2612 nonnisi
414 2547 468 2610 ubi
488 2545 647 2608 manifesta
669 2547 742 2607 vitia
763 2544 832 2607 inde
855 2543 1008 2626 originem·
1030 2539 1191 2616 duxerunt,
1220 2559 1277 2602 suo

273 2682 396 2746 nomine
416 2678 482 2756 (ed.
507 2677 615 2758 1584.)
636 2695 916 2740 oommemoramus.
975 2731 978 2735 .

211 2832 238 2880 ο.
271 2811 331 2876 Ed.
352 2810 418 2872 Iani
439 2811 575 2884 Gruteri‚
598 2830 617 2870 a
638 2803 1139 2886 lac.GronoviorepetitaLi1gd.
1166 2801 1253 2887 1692.

208 2960 244 2999 π.
266 2938 325 3007 Ed.
347 2939 375 3000 Ι.
396 2943 438 3001 G.
461 2941 604 3014 Graevii,
628 2960 720 3021 quam
740 2940 772 2998 in
793 2934 991 3017 Neapolitana
1014 2935 1168 2995 Garatonii
1190 2957 1277 3018 repe-

271 3070 379 3132 titione
399 3092 418 3131 a
438 3070 604 3132 Niebuhrio
626 3067 789 3130 liberaliter
807 3066 996 3129 commodata
1016 3067 1221 3129 tractavimus.

214 3222 245 3283 ρ.
267 3200 328 3263 Ed.
351 3199 483 3263 Emestii
504 3222 534 3261 a.
565 3198 652 3282 1776.

213 3331 486 3398 anasthasii.
521 3342 523 3346 ’

209 3483 240 3524 τ.
262 3462 430 3525 Novissima
448 3460 558 3525 Orellii
581 3463 683 3530 editio

213 3611 242 3666 ς.
263 3594 379 3680 ἱῖειιίειε1
395 3591 540 3656 lectiones
559 3592 661 3657 Caroli
682 3591 838 3679 Stephani.
911 3585 913 3590 ’

274 3866 443 3929 Praeterea
454 3865 611 3929 brevitatis
632 3887 723 3930 causa
744 3866 791 3928 his
812 3867 892 3930 notis
912 3867 1046 3930 utimur:

235 3999 270 4060 Π
314 3995 431 4060 codices
451 3998 517 4058 noti
536 4015 651 4058 omnes.
