2736 4696
103 408 137 472 P.
148 408 199 489 64,
226 409 272 475 18.
296 410 358 472 illis
793 415 840 476 tis

106 563 119 596 ι
143 574 196 616 -,
219 560 269 600 20.
293 542 400 625 inqiut,
421 540 533 603 idcirco
797 542 921 620 metuo,
943 543 1040 626 inquit

101 692 202 746 1102,
240 695 267 755 7.
291 673 354 732 sine
367 672 429 754 lege
448 673 644 757 copiosissime
791 696 858 758 cop.
880 677 944 736 siue
963 674 1027 754 lege

100 827 114 857 ι.
142 836 195 880 -,
222 822 269 861 12.
292 803 486 864 obtineremus
794 804 954 865 obtinerem

100 957 116 991 a
142 969 196 1012 -‚
220 955 272 993 2o.
295 936 480 996 contineatur
795 947 928 996 tenentia·

100 1094 115 1126 ι
137 1068 206 1141 103,
226 1087 274 1149 19.
298 1079 366 1127 aute
794 1081 887 1128 antea

100 1219 117 1253 ι
139 1233 191 1271 -‚
216 1217 268 1256 21.
297 1196 382 1280 Quid
399 1203 494 1278 ergo?
793 1196 878 1280 Quid
894 1202 1052 1278 ergo-est?

183 1458 221 1518 In
250 1459 432 1543 quibusdam
463 1461 574 1523 horum
606 1459 743 1521 locorum
772 1461 863 1522 etiam
894 1458 1038 1522 Lambini
1059 1457 1130 1540 libri
1149 1457 1191 1520 ad

96 1597 281 1674 scripturam
299 1586 320 1654 'a
340 1594 428 1654 nobis
447 1604 598 1675 receptam
618 1592 775 1655 accedunt.
815 1592 876 1654 Sed
898 1592 1119 1654 Lambiniauae
1139 1609 1191 1651 va-

97 1724 214 1784 rietatis
244 1745 315 1784 cum
346 1736 450 1787 nostra
485 1724 712 1786 similitudinem
740 1724 835 1807 paulo
862 1723 1032 1787 accuratius
1055 1721 1191 1782 indicare

97 1873 210 1934 operae
237 1854 371 1934 pretium
399 1866 463 1916 est:
494 1854 567 1938 quia
596 1854 669 1916 hinc
696 1877 819 1939 quoque
855 1875 974 1919 summa
1008 1851 1190 1915 immortalis

97 1976 160 2047 viri
177 1984 333 2067 diligentia
355 1987 556 2069 cognoscitur,
579 1989 629 2048 cui
649 1989 799 2049 recentior
830 1988 954 2049 demum
989 1996 1091 2066 aetas,
1120 1994 1191 2068 post

98 2117 219 2200 iniquas
240 2118 416 2179 invidorum
436 2118 613 2196 simultates,
636 2121 744 2182 iustior
763 2121 883 2182 exstitit
897 2120 1091 2183 aestimatrix.
1122 2117 1190 2200 Ap-

98 2257 186 2330 paret
210 2247 292 2307 enim
322 2245 428 2323 illum,
464 2251 556 2309 etiam
589 2248 643 2311 ubi
671 2248 710 2311 de
740 2245 826 2311 libris
854 2246 932 2310 nihil
960 2255 1190 2325 commemorat,
1279 2336 1283 2341 ἢ

98 2379 211 2441 multas
234 2389 335 2440 tamen
362 2380 593 2461 praestantiores
613 2381 779 2463 scripturas
805 2400 823 2441 e
842 2379 998 2442 codicibus
1025 2379 1088 2441 suis
1105 2397 1191 2440 rece-

99 2510 198 2593 pisset
221 2509 369 2572 eiusmodi
392 2510 476 2571 locos
490 2511 621 2592 praefixo
642 2511 782 2574 asterisco
802 2509 840 2593 (*)
860 2510 1090 2605 dittinguemus.
1132 2509 1194 2572 Ce-

98 2651 200 2703 terum
229 2662 325 2725 quum
361 2650 486 2724 propter
517 2641 705 2724 frequentem
731 2662 913 2705 consensum
937 2640 1193 2705 verisimillimum

98 2772 158 2849 sit,
189 2770 324 2833 codicem
349 2769 382 2830 S.
407 2771 561 2844 Victoris,
603 2789 694 2853 quem
721 2781 828 2853 postea
850 2769 1021 2833 Gulielmus
1037 2769 1190 2852 contulit,

99 2905 191 2967 fuisse
213 2905 292 2964 inter
314 2922 382 2977 eos,
404 2897 516 2982 quibus
531 2899 698 2962 Lambinus
719 2900 883 2980 utebatur,
905 2903 997 2987 etiam
1018 2901 1189 2974 huiusMS.

98 3038 278 3101 varietatem
305 3032 485 3116 apponimus
512 3031 571 3094 hoc
598 3034 683 3116 signo
709 3034 754 3114 (†)
772 3041 918 3094 notatam.

142 3171 247 3233 Lectio
267 3166 389 3249 optimis
412 3164 568 3226 codicibus
591 3166 702 3225 nostris

182 3323 252 3364 cum
274 3297 483 3362 Lambinianis
502 3294 680 3389 communis.
866 3293 971 3357 Lectio
992 3291 1125 3377 vulgata.
1201 3324 1206 3343 2

134 3433 174 3496 P.
207 3433 238 3511 3,
282 3452 312 3491 2.
332 3430 431 3512 partis
789 3437 892 3509 partes

95 3572 118 3638 †
150 3589 165 3622 ι
209 3561 241 3640 6,
282 3583 315 3646 9.
339 3562 437 3623 oratio
793 3561 872 3621 mtto

145 3721 160 3751 n
180 3714 239 3771 Ιιο,
268 3713 314 3753 12.
337 3692 470 3752 inomni
488 3709 577 3751 curua
790 3690 922 3750 nominis
942 3706 1037 3750 cama

96 3829 114 3868 *
147 3852 163 3888 ι
192 3848 239 3902 12,
266 3824 315 3887 15.
336 3846 395 3886 esre
403 3822 589 3906 faciendum
781 3821 964 3902 faciendum
985 3842 1045 3884 esse

140 3985 157 4018 ·
186 3961 236 4042 [ὅ.
278 3980 310 4044 9·
331 3960 385 4042 <ui
789 3973 880 4036 two
