2736 4696
592 285 777 355 canica.
1172 290 1240 370 165
1285 276 1320 384 y'

143 494 210 558 quo
231 474 364 560 gravitas
378 477 529 558 ,orationis
549 485 629 538 certe
648 485 786 561 augetur,
814 485 927 538 temere
958 495 976 536 a
995 471 1127 538 librariis
1151 469 1241 538 inve-

144 593 233 645 ctum
253 605 329 646 esse.
1076 579 1079 583 ’

234 713 283 775 ¹7·
306 704 339 753 ut
367 706 420 754 aut
438 693 511 754 iuste
524 694 633 780 pieqrae
661 689 822 775 accusaret]
866 691 981 754 Iniuria
1008 678 1135 775 magnus
1156 690 1240 752 Gro-
1327 671 1331 675 ,

146 798 261 858 novius
282 796 400 860 dehoc
422 797 490 860 loco
508 798 659 859 dubitavit
673 798 721 880 (nd
740 797 824 859 Plin.
839 798 987 860 xxxvl.
1016 796 1074 877 5.),
1095 808 1241 881 tanquam

146 906 302 966 accusatio
322 907 427 967 matris
448 917 478 967 et
499 907 599 968 vitrici
618 909 725 989 utique
744 916 821 966 esset
839 908 932 987 impia
952 916 982 966 et
996 906 1130 984 iniusta,
1152 905 1240 967 ideo·

147 1010 390 1095 quelegendum
410 1017 547 1075 censuit:
571 1028 603 1076 ut
623 1029 676 1076 auc
695 1036 806 1100 pamm
821 1013 877 1099 pie
901 1013 1047 1100 iusteque,
1081 1033 1139 1095 pro
1170 1035 1237 1095 quo

145 1121 207 1181 lac.
231 1121 406 1205 Gronovius
426 1119 557 1183 maluit:
580 1135 613 1183 ut
628 1137 681 1183 aut
694 1144 753 1184 non
778 1124 850 1182 itate
864 1122 985 1207 pieque.
1027 1121 1068 1182 At
1087 1120 1171 1181 nulla
1190 1131 1237 1182 est
1305 1187 1309 1196 ,

146 1227 285 1289 mutandi
307 1228 541 1304 causa5iustitia
563 1230 644 1290 enim
665 1240 695 1289 et
708 1229 803 1311 pietas
818 1229 909 1289 etiam
924 1229 956 1286 in
974 1226 1028 1286 tali
1045 1229 1242 1290 accusatione·

115 1340 121 1351 ’
147 1332 243 1398 inesse
270 1347 381 1425 potest,
410 1334 501 1396 modo
531 1356 602 1397 cum
630 1336 819 1397 humanitate
847 1345 877 1395 et
896 1335 1023 1396 veritate
1046 1335 1232 1413 instituatur,

106 1489 109 1495 ·
145 1443 227 1528 qnod
249 1465 268 1504 a
288 1442 428 1504 Cluentio
449 1443 562 1504 factum
583 1465 647 1504 esse
666 1443 772 1505 Cicero
792 1442 936 1503 ostendit.

227 1552 281 1612 23.
307 1563 337 1612 et
353 1551 402 1611 illi
420 1549 631 1635 condemnari]
686 1548 777 1630 Quod
798 1549 964 1611 Lambinus
990 1552 1082 1612 tacite
1111 1549 1236 1615 dederat

134 1658 207 1719 'sive
237 1642 272 1719 ex
301 1661 473 1720 coniectura
511 1659 575 1719 sive
594 1678 630 1719 ex
650 1658 769 1742 egregio
791 1677 845 1717 suo
865 1655 946 1731 MS„
969 1653 1001 1715 id
1020 1675 1103 1714 nunc
1122 1654 1233 1716 confir·
1277 1688 1282 1702 ι

146 1772 230 1824 mant
262 1764 370 1844 optimi
397 1766 512 1825 nostri.
548 1762 632 1856 ttrhil
654 1775 715 1842 est,
738 1765 820 1847 quod
841 1761 1055 1841 orelt.4alium
1074 1759 1177 1823 locum
1201 1785 1230 1825 c.
1334 1807 1339 1814 1

147 1888 197 1929 22.
218 1868 272 1930 62.
295 1873 464 1951 comparari
486 1868 590 1931 iubet:
611 1891 691 1930 reum
711 1870 905 1931 condemnari
924 1903 967 1916 -·
986 1890 1099 1930 necesse
1112 1871 1232 1945 ficisset

145 1997 216 2036 nam
241 1977 310 2058 quis
330 1977 464 2053 dubitet,
490 1980 697 2040 accusativum
716 1979 747 2038 in
768 1979 826 2039 hac
845 1987 995 2037 structura
1018 1988 1097 2038 stare
1121 1981 1233 2060 posse?

146 2081 239 2144 immo
261 2082 361 2143 multo
382 2085 520 2145 usitatior
539 2096 584 2146 est
613 2085 697 2146 tsed
720 2085 882 2168 oppositio,
906 2105 983 2167 quae
1010 2085 1095 2148 nulla
1117 2098 1163 2151 est
1198 2089 1232 2150 in

145 2188 195 2252 illo
213 2190 296 2270 loco,
308 2190 342 2252 h.
359 2192 379 2256 l.
388 2214 484 2275 quum
495 2193 676 2275 praecedant
686 2193 779 2254 haec:
796 2206 849 2254 aut
858 2195 926 2253 huic
938 2215 1086 2273 mensure,
1100 2195 1231 2257 alterum

133 2297 287 2360 dativum
307 2302 445 2382 requirit.
487 2290 547 2361 Nos
566 2311 673 2361 contra
690 2302 782 2362 tertio
811 2297 879 2361 loco
895 2321 922 2361 c.
944 2299 995 2361 26.
1020 2322 1073 2386 7⁰·
1094 2300 1148 2362 ubi
1169 2305 1233 2386 ipse

146 2405 281 2468 Orellius
309 2428 379 2467 cum
414 2407 557 2500 omnilrus
588 2407 660 2469 edd.
692 2407 830 2469 dativum
861 2408 1008 2469 retinuitr
1041 2410 1232 2492 quamobrem

146 2513 316 2599 Oppianico
337 2515 481 2574 dunrnmi
505 2535 619 2575 necesse
640 2515 693 2592 sit,
716 2536 750 2575 ex
771 2516 893 2597 optimis
912 2513 997 2575 libris
1020 2526 1164 2598 quartum
1180 2539 1231 2579 ca·

142 2640 209 2682 sum
234 2624 433 2683 restituimus.
626 2608 636 2628 ⁸

222 2730 285 2805 31,
309 2731 342 2794 5.
375 2727 501 2813 Veturi]
529 2728 614 2813 vulg.
649 2729 778 2791 Venerei
797 2750 823 2789 s.
850 2728 989 2789 Venerii:
1013 2727 1091 2790 illud
1112 2740 1230 2790 autema

140 2837 402 2921 praestantissimis
416 2839 514 2900 codd.
548 2839 724 2913 firmatum,
754 2837 891 2897 instituta
926 2839 1111 2918 comparatio
1140 2840 1230 2900 unice

97 3015 99 3018 ⁵
140 2945 277 3030 flagitat:
302 2946 343 3006 sic
361 2947 444 3006 enim
458 2946 612 3009 Martiales
624 2944 668 3008 illi
685 2947 717 3006 in
729 2944 842 3005 familia
856 2946 963 3006 Manis
978 2944 1228 3025 numerabantur,
1294 2921 1301 2949 ⁵

139 3058 227 3116 utin
254 3052 356 3114 Sicilia
383 3053 488 3139 multi}
497 3055 630 3116 ministri
651 3055 765 3138 publici
792 3056 905 3114 Veneri
922 3053 955 3113 h.
973 3073 1001 3113 e.
1024 3053 1057 3111 in
1082 3063 1230 3135 potestate

138 3163 202 3222 eius
227 3172 315 3222 erant
342 3174 373 3222 et
389 3162 555 3223 ministerio
582 3164 646 3222 eius
681 3164 724 3222 ita
753 3160 884 3236 addicti,
915 3172 952 3221 ut
972 3163 1094 3221 nonnisi
1120 3182 1139 3222 a
1162 3163 1229 3223 Dea

137 3280 231 3328 tnann
256 3270 341 3328 mitti
374 3280 508 3349 possent.
567 3268 674 3330 Solum
704 3270 908 3331 Veneriorum
932 3291 1062 3343 nomen,
1093 3269 1228 3350 alioquin

136 3394 169 3437 ex
194 3377 335 3437 Verrinis
365 3379 437 3437 satis
468 3387 576 3437 notum
603 3387 634 3437 et
661 3375 826 3458 probatum
848 3376 937 3462 (Div.
959 3378 989 3436 in
1013 3376 1101 3443 Caec.
1122 3397 1151 3436 c.
1179 3397 1227 3460 ¹7·

136 3479 186 3544 55.
210 3481 304 3543 Verr.
335 3483 377 3543 ΙΙ.
415 3505 444 3544 c.
468 3480 519 3544 38.
543 3502 596 3566 9²·
618 3482 680 3543 ΙΙΙ.
713 3504 741 3543 c.
765 3505 815 3543 2ο.
840 3483 888 3544 50.
915 3504 943 3543 c.
967 3483 1017 3543 25.
1038 3482 1092 3544 61.
1119 3505 1147 3544 c.
1172 3484 1225 3545 26.

135 3587 186 3654 65.
202 3586 264 3675 *))
285 3588 325 3650 de
347 3590 409 3651 hoc
427 3610 507 3651 nexu
520 3589 598 3650 nihil
616 3590 712 3674 magis
732 3589 888 3676 probaret,
909 3610 1004 3674 quam
1020 3589 1120 3674 ipsum
1141 3592 1228 3652 Mar-

134 3696 256 3759 tialium
277 3717 401 3759 nomen.

138 3837 523 3905 ,Μ’-

137 4048 140 4053 -
187 4024 214 4094 ')
237 4026 431 4082 Inconstanter
454 4027 783 4105 Orelliustrimojloco
800 4027 948 4102 {Vtamur
972 4028 1097 4099 scripsit,
1130 4035 1230 4101 postca
1334 4103 1336 4111 y

202 4136 208 4146 '
240 4121 381 4176 Venerios.
