2736 4696
604 241 783 305 CRlTlCA.
853 246 856 253 ’
1164 239 1228 317 15¹

143 423 252 488 eadem
273 424 368 489 verba
386 423 509 488 Sallust.
533 426 624 488 Catil.
647 447 675 487 c.
705 448 761 487 m:
781 423 950 510 pudorem,
968 420 1159 506 pudicitiam,
1183 417 1233 481 ds:

139 531 219 592 vina
238 544 328 616 atqtoe
350 533 480 593 humana
496 535 674 615 promiscua.
1232 559 1236 573 ·

230 638 283 700 25.
308 639 453 700 ominibus
483 638 628 722 omnium]
674 640 763 699 Hunc
787 637 886 699 locum
920 637 979 698 iem
1004 636 1121 718 pridem
1151 646 1244 697 recte*

144 746 178 804 in
205 744 361 806 veteribus
391 745 461 806 edd.
497 749 694 807 constitutum
727 746 875 805 Graevius
895 743 997 803 denuo
1018 743 1157 820 vexavit,
1178 745 1232 831 qui

141 848 305 911 mediocris
334 849 384 911 sui
415 849 527 910 codicis
562 851 742 910 auctoritate
775 849 884 909 ductus
923 851 1061 911 omm'um-
1074 852 1228 930 expunxit,

140 955 264 1016 nullum
292 955 383 1019 huius
415 960 541 1041 genitivi
571 957 672 1020 locum
699 979 763 1019 esse
792 977 936 1018 censensc
966 957 1019 1016 sed
1046 961 1140 1018 miror
1160 979 1231 1018 eum

138 1083 205 1123 non
226 1063 340 1125 vidisse
353 1066 550 1147 oppositionis
569 1087 660 1127 cansa
680 1065 847 1147 genitivum
867 1067 1009 1140 omilium,
1031 1085 1126 1145 quum
1141 1086 1230 1146 prae·

139 1168 252 1229 cedant
273 1167 346 1231 illa:
383 1172 473 1231 nullr's
493 1172 673 1256 acumethus,
697 1171 789 1230 nullis
808 1169 992 1245 tumoribus,
1012 1191 1105 1254 prope
1125 1193 1228 1234 neces-

137 1279 221 1338 sario
248 1278 381 1360 requiri:
413 1301 509 1360 quum
536 1301 623 1340 nenio
652 1281 735 1340 testis
756 1288 786 1337 et
806 1288 913 1338 auctor
934 1277 1149 1339 sceleratarum
1169 1301 1229 1340 nu-

132 1386 273 1472 ptiarum
298 1407 363 1448 esse
383 1385 495 1463 vellet,
530 1407 630 1446 omnes
663 1407 714 1447 eas
747 1385 886 1446 infaustis
906 1387 1043 1467 auguriis
1062 1407 1227 1470 proseque-

136 1493 263 1558 bantur.
285 1495 365 1555 Cum
385 1494 475 1578 longe
493 1492 646 1576 plerisque
669 1493 846 1568 MSS.(oam
866 1493 920 1574 qni
939 1493 1071 1555 omnibus
1087 1495 1230 1558 exhibent

137 1621 202 1683 pm
231 1601 405 1676 ominibus,
448 1622 509 1662 noo
545 1623 616 1663 vere
650 1601 844 1684 dissentiunt)
881 1604 983 1663 etiam*
1004 1601 1229 1681 Quinctilianns

137 1709 212 1769 facit
232 1705 290 1786 IV,
312 1729 348 1783 2,
377 1728 444 1770 rar.
624 1700 629 1719 '
1038 1688 1040 1693 ⁴

229 1837 285 1890 12,
304 1817 336 1894 4.
358 1838 457 1878 nonne
483 1815 616 1901 timumi]
642 1818 719 1882 h..t.
734 1823 832 1882 ‘mium
860 1825 965 1882 contra
986 1819 1227 1897 Quinctilianum

137 1943 211 1983 cum
231 1923 353 2006 optimis
378 1922 465 1986 libris
485 1913 639 2008 vulgatam
660 1929 842 2008 scripturam
871 1934 944 1998 (non
969 1927 1116 2002 timuisse)
1142 1927 1226 1986 dese-

139 2030 267 2091 rendam
280 2030 432 2092 duximus:
454 2031 531 2092 nihil
552 2035 633 2093 enim
647 2035 793 2094 orationis
806 2034 953 2116 gravitate
962 2030 1081 2115 dignius
1093 2033 1225 2107 videtur,

138 2159 231 2220 quam
260 2149 317 2218 ut,
348 2141 457 2200 omissa
486 2140 621 2201 iudicum
647 2141 864 2224 appellatione,
893 2144 978 2223 quasi
1003 2143 1047 2200 rei
1071 2144 1227 2203 atrocitate

141 2257 293 2308 commota
312 2246 351 2307 ad
373 2250 470 2329 ipsam
491 2247 622 2308 Sassiam
643 2260 848 2323 convertatur,
873 2247 982 2309 deinde
1003 2247 1098 2309 veluti
1119 2246 1225 2329 cnlpae

140 2354 322 2416 conscientia
357 2354 414 2431 ista
442 2355 654 2434 obmutuerit,
686 2360 800 2418 maiore
829 2357 1022 2418 contentione
1045 2356 1084 2416 ad
1113 2356 1225 2418 iudices

138 2461 255 2524 redeat:
276 2460 429 2544 Perfiegit
450 2484 487 2522 ac
499 2467 668 2546 prostravit
687 2476 757 2530 cett.
799 2464 917 2525 Eodem
938 2464 1071 2525 remedio
1092 2464 1172 2525 infra
1194 2487 1221 2525 c.

140 2566 187 2636 65.
213 2567 285 2634 182.
306 2569 398 2629 simili
419 2569 486 2630 loco
505 2569 639 2631 colorem
658 2592 747 2630 suum
769 2574 974 2632 restituemus.

224 2697 271 2740 ιι.
291 2676 417 2738 dedecus
429 2677 591 2755 firmiliae]
616 2677 783 2758 zonaqmd
801 2677 951 2758 vulgohis
974 2677 1074 2737 verbis
1096 2679 1223 2739 intersc-

139 2785 235 2862 titur,
266 2785 291 2846 si
327 2786 427 2846 minus
455 2786 551 2846 codici
584 2787 775 2854 Franciano‚
811 2798 842 2846 at
870 2797 950 2846 certe
970 2787 1092 2866 optimis
1114 2789 1238 2848 nostris·

138 2891 201 2952 ima
230 2891 339 2951 cessitr
368 2889 452 2952 haud
479 2891 572 2952 dubie
606 2894 686 2952 enim
718 2914 752 2950 ex
781 2891 871 2951 simili
907 2895 1058 2973 sequentis
1092 2898 1223 2956 nominis

138 2997 223 3060 initio
240 2999 409 3079 [l'umiimv
427 3010 533 3060 natum
552 3009 608 3064 est.
650 3001 719 3058 Mox
742 3020 796 3080 pro
817 3011 913 3058 autem
935 2998 1032 3059 multo
1055 3002 1152 3082 aptius
1176 3004 1223 3062 vi-

139 3104 225 3167 detru
246 3107 359 3178 enom,
381 3106 433 3167 sed
454 3104 541 3168 nullo
560 3108 663 3168 codice
683 3109 835 3167 firmatur.
928 3103 934 3115 '
987 3156 989 3163 .

222 3209 268 3273 16.
292 3210 375 3272 Nam
401 3234 478 3296 qime
502 3213 605 3274 videre
626 3211 713 3295 cett}
765 3213 822 3272 llic
853 3214 937 3274 locos
959 3214 1052 3297 vulgo
1074 3215 1119 3276 sic
1140 3216 1221 3298 lege·

137 3316 242 3379 batur:
267 3340 304 3380 mr
329 3340 419 3401 quom
445 3320 548 3380 utilem
569 3352 607 3366 -
624 3355 665 3366 —-
684 3335 822 3404 poterat,
854 3343 890 3381 ea
917 3325 945 3381 si
973 3339 1067 3384 matre
1097 3340 1238 3387 uteretur*

138 3435 205 3493 cett,
251 3426 288 3485 ln
320 3445 383 3506 quo
411 3427 544 3506 primum
579 3424 655 3487 illud
685 3425 830 3503 ollentlit,
863 3429 969 3509 quod,
1003 3453 1099 3511 quum
1133 3454 1223 3494 cansa

136 3537 263 3596 omissae
282 3537 388 3596 matris
406 3536 631 3595 consuetudinis
652 3556 686 3595 cx
708 3536 792 3595 iactis
812 3537 902 3617 ipsius
923 3539 1015 3618 petita
1037 3542 1221 3622 requiratur,

135 3642 163 3701 in
177 3664 310 3724 persona
331 3646 395 3705 eius
416 3646 494 3703 ratio
515 3647 669 3709 consistat.
709 3645 790 3704 Tum
811 3658 911 3705 autem
935 3647 1063 3707 verbnm
1079 3653 1222 3733 probare,

137 3751 215 3832 quod
235 3752 268 3812 in
302 3751 393 3813 rebus
422 3728 591 3813 iudicandis
621 3755 765 3813 usitatum
788 3765 852 3831 est,
874 3777 980 3836 parum
1003 3759 1160 3817 commode
1182 3760 1223 3818 ad

137 3869 262 3919 matrem
290 3861 385 3941 ipsam
418 3860 591 3921 referretur.
647 3860 786 3942 Denique
818 3865 848 3921 in
872 3864 991 3924 vorbisr
1014 3887 1049 3924 en
1069 3869 1100 3924 'si
1127 3880 1222 3926 matre

137 3978 280 4045 uteretur,
302 3967 377 4049 quid
396 3989 563 4048 pronomen
586 3969 644 4028 sibi
665 3968 757 4040 uelit,
781 3989 869 4028 uerno
887 3970 975 4030 facile
996 3973 1123 4034 dixeritz
1149 3995 1221 4032 nam

136 4068 190 4135 hoe
210 4077 253 4136 sic
273 4077 407 4158 positum
426 4087 531 4152 esset,
549 4079 634 4165 quusi
654 4077 755 4138 Sassia
774 4098 836 4138 non
858 4095 965 4140 revera
980 4077 1111 4141 Cluentii
1125 4091 1224 4141 mater
