2736 4696
581 240 586 250 ·
622 205 820 270 carrion.
1172 240 1236 316 ¹97

159 391 393 453 bambinianuni
414 391 491 452 illud
510 388 595 476 qnod
614 395 827 456 necessarium·
843 402 932 471 esset,
952 391 1010 454 uisi
1031 391 1138 453 melior
1164 391 1251 458 scri·

158 509 251 580 ptura
272 520 354 559 nunc
375 519 409 560 ex
432 500 557 582 egregiis
578 499 733 560 codicibus
752 485 911 582 prodisset.

149 630 151 637 ’
240 621 301 706 98,
327 622 356 689 5.
391 624 444 686 Cn.
479 621 642 706 Plancum]
697 623 840 683 Eundem
868 621 1022 683 hominem
1040 621 1071 686 h.
1096 619 1118 684 l.
1140 625 1239 685 nomi-

157 731 245 804 nari,
278 731 331 812 qui
350 729 388 788 de
413 730 503 790 Orat.
532 719 571 806 tl,
594 727 653 802 bit,
685 740 754 789 eta
781 729 986 807 Quinctiliano
1006 730 1071 804 Vl,
1104 730 1135 791 3.
1161 753 1180 791 a
1199 733 1247 803 L.

156 837 264 898 Crasso
309 848 414 898 contra
459 837 504 898 M.
540 837 670 896 Brutum
707 837 847 897 defensus
884 858 946 898 esse
979 849 1136 915 narratur,
1167 842 1249 902 eatis·

155 956 283 1006 constat:
319 957 419 1007 tamen
450 967 469 1007 a
500 944 650 1028 plerisque
669 945 871 1027 editoribus,
906 946 996 1006 etiam
1025 946 1064 1007 ab
1100 946 1240 1023 Orellio,

155 1049 187 1109 h.
224 1050 245 1112 i.
286 1053 323 1117 L.
356 1055 519 1131 Plancina,
556 1056 588 1114 in
626 1053 679 1114 illo
710 1052 777 1116 loco
811 1053 850 1114 dc
882 1054 970 1115 Orat.
1019 1054 1076 1128 Cn.
1108 1054 1242 1118 Planus

153 1155 308 1255 scribitur.
360 1158 420 1219 Sed
454 1158 493 1218 de
533 1159 712 1240 cognomine
751 1160 863 1218 Planci
900 1161 960 1219 iam
1000 1158 1134 1222 dubitari
1174 1183 1260 1224 non*

154 1273 275 1344 potest:
309 1285 381 1323 nam
410 1275 514 1325 nostro
538 1262 605 1324 loco
623 1284 727 1324 omnes
748 1265 809 1324 fere
830 1273 860 1324 et
879 1265 1124 1344 praestantissimi
1144 1269 1234 1331 codd.

155 1392 225 1432 cum
257 1375 405 1433 constanti
440 1371 639 1450 Quinctiliani
666 1382 696 1433 et
721 1371 843 1434 alterius
864 1373 1052 1432 Ciceroniani
1073 1372 1131 1435 loci
1161 1378 1237 1437 scri-

150 1490 241 1563 ptura
275 1481 490 1542 consentiunt:
520 1501 704 1563 praenomen
732 1482 831 1549 minus
851 1490 968 1540 certum
985 1492 1046 1541 est:
1068 1501 1138 1542 nam
1159 1481 1192 1550 h.
1212 1482 1237 1546 l.

154 1599 184 1648 et
209 1589 243 1649 C.
266 1599 297 1650 et
323 1590 387 1667 L.,
419 1589 501 1673 apud
524 1589 765 1671 Quinctilianum
789 1600 819 1650 et
840 1590 873 1652 0.
893 1599 924 1650 et
945 1590 1000 1650 Cb.
1023 1591 1055 1649 in
1077 1590 1164 1652 MSS.
1186 1593 1241 1653 in*

150 1699 284 1762 venitur.
334 1697 431 1759 Nobis
465 1698 588 1781 quidem
618 1709 770 1780 receptam
792 1697 876 1758 illam
896 1696 927 1757 in
947 1696 1015 1787 loco
1036 1697 1074 1758 de
1093 1697 1182 1759 Orat.
1204 1710 1236 1763 et

127 1804 182 1864 *in
204 1802 411 1889 Quinctiliano
432 1807 614 1888 scripturam
634 1809 717 1889 sequi
739 1805 864 1888 placuit.
953 1796 955 1804 '

236 1974 316 2033 roo,
337 1953 370 2016 8.
389 1956 525 2043 siquam
545 1957 615 2018 Ῑιιιίο
635 1954 824 2039 graviorem]
861 1957 927 2017 haic
941 1947 981 2017 b.
1004 1979 1033 2018 e.
1066 1953 1232 2037 Cluenti03

147 2060 240 2144 idque
259 2065 348 2125 unice
360 2085 468 2126 verum
480 2050 545 2127 esse
556 2065 703 2126 existimo:
726 2087 798 2125 nam
809 2065 840 2125 in
861 2058 983 2146 vulgata
997 2065 1144 2147 scriptura
1159 2066 1237 2148 quid

147 2171 187 2231 sit
204 2171 332 2252 grauior
361 2173 482 2255 opinio,
504 2193 565 2233 non
586 2170 693 2248 video,
715 2172 773 2234 nisi
792 2172 871 2234 forte
896 2171 1032 2256 id‘quod
1056 2171 1147 2234 huius
1171 2173 1232 2236 loci

111 2275 118 2290 ⁴
145 2300 209 2338 non
242 2289 305 2340 este
341 2281 489 2341 sententia
519 2281 651 2362 graviter
672 2301 839 2362 perpensae
860 2283 1004 2362 gravior,
1026 2283 1108 2363 quod
1128 2295 1233 2365 aperte

144 2384 177 2447 h.
200 2383 220 2450 l.
241 2386 376 2466 irp‘esticr
396 2396 453 2464 est,
474 2384 612 2446 dativum
632 2384 719 2447 illum
739 2387 879 2466 requirit,
902 2406 993 2466 quem
1013 2387 1118 2469 optimi
1139 2387 1228 2448 codd.

123 2567 129 2580 '
146 2492 242 2554 nostri
263 2492 421 2553 commode
441 2492 683 2575 suppeditarunt.
738 2487 844 2575 Longe
872 2493 959 2553 aliter
976 2504 1166 2573 comparatus
1185 2505 1232 2556 est

144 2598 228 2660 locus
248 2599 287 2659 ad
309 2599 438 2682 speciem
457 2598 562 2660 similis
581 2622 614 2681 p.
639 2598 672 2678 6,
695 2599 727 2660 5.
749 2599 788 2660 de
808 2621 870 2681 quo
890 2621 982 2682 supra
1002 2601 1127 2682 egimus.

231 2725 278 2786 13.
313 2724 516 2797 damnatione,
549 2719 705 2808 respondi]
732 2722 892 2785 ·Distinxi
927 2733 1075 2785 commate
1109 2733 1177 2804 post
1195 2745 1228 2794 v,

143 2829 355 2911 damnatione,
375 2833 458 2916 quod
478 2853 629 2914 nusquam
649 2832 762 2894 factum
783 2832 870 2909 vidi,
891 2842 947 2911 ut,
967 2852 1045 2914 quae
1067 2833 1228 2906 manifesto

142 2940 352 3020 coniungenda
383 2941 464 3020 sint,
492 2950 654 3024 appareat,
684 2937 750 3006 scil.
784 2938 829 3000 ad
853 2940 955 3000 omnia
973 2972 1014 2985 --
1038 2937 1180 3020 respondi
1197 2949 1229 3009 et
1279 2918 1283 2926 .

141 3067 217 3128 quae
238 3045 290 3106 aba
312 3060 341 3109 te
362 3045 445 3108 dieta
464 3061 531 3108 sunt
549 3047 587 3108 de
606 3047 810 3108 damamicroe·

214 3189 292 3247 rot,
326 3170 356 3235 5.
385 3173 560 3253 defendisse,
583 3194 620 3235 aa
639 3170 683 3256 a]
724 3172 793 3234 Non
824 3174 924 3254 potuit
953 3171 1113 3234 bicinam
1138 3172 1227 3257 aliter

129 3278 277 3338 restitui:
301 3278 391 3360 idque
410 3280 589 3362 iampridem
610 3282 778 3356 Manutius,
801 3282 873 3343 Car.
894 3277 1064 3362 Stephanus
1084 3289 1115 3341 et
1134 3282 1226 3344 Lam·

140 3383 231 3446 binus
251 3384 474 3465 intellexerunt,
497 3405 573 3470 quos
593 3387 728 3456 Orellins
747 3391 814 3449 inre
832 3386 978 3470 sequitur.
1011 3385 1092 3447 Nam
1112 3388 1226 3472 siquis

138 3490 180 3551 ab
206 3495 328 3573 optimis
359 3494 445 3555 libris
472 3515 510 3555 ac
540 3515 597 3577 pro
619 3496 688 3575 hac,
709 3493 792 3576 quod
812 3493 904 3577 vulgo
926 3491 1040 3570 editur,
1060 3496 1225 3561 certiorne

138 3599 351 3661 confirmatum
371 3600 493 3676 viderit,
518 3621 580 3663 uon
600 3601 763 3680 dubitabit,
783 3601 973 3662 notissimum
986 3600 1074 3664 illum
1092 3605 1224 3682 particu-

138 3701 243 3766 larum
264 3727 395 3782 nexum:
415 3729 495 3769 secus
514 3729 613 3770 -ae
629 3709 660 3775 st
678 3708 711 3774 b.
732 3707 756 3770 l.
782 3717 817 3769 ut
837 3728 925 3789 saepe
944 3729 965 3769 a
984 3707 1130 3770 OEoercne
1160 3731 1226 3773 esse

133 3809 309 3871 institutum
318 3833 331 3872 :-
360 3809 410 3871 bic
428 3821 530 3872 autem
557 3810 642 3873 nulla
674 3810 733 3873 alia
762 3810 878 3872 ratione
905 3821 1004 3892 potest
1037 3817 1223 3897 conservari,

135 3935 227 3994 qnam
253 3915 278 3976 si
299 3927 418 3998 praeter
446 3916 593 3994 librorum
628 3920 837 3979 auctoritatem
865 3916 1031 3979 infinitivus
1057 3918 1223 4000 defendisse

136 4024 293 4105 reponitur
312 4044 370 4107 pro
389 4025 582 4088 coniunctivo
600 4025 819 4107 defendissem,
836 4040 898 4108 quc
919 4026 1022 4088 omnia
1048 4025 1221 4098 turbantur.
