2736 4696
514 295 598 359 ruo
632 294 675 358 Α.
697 289 923 355 canarno.
1192 288 1260 369 1'25

177 477 391 585 Oppianici
424 499 464 558 et
494 482 612 587 ipsius
641 480 813 556 mulieris
837 478 971 570 multi,
995 476 1169 557 homines
1193 479 1262 558 ho·

177 605 275 679 nesti
300 623 417 707 atque
441 604 621 680 omnibus
645 605 758 680 rebus
782 603 918 680 ornati.
943 603 1159 679 Tormentis
1183 626 1263 679 om·

178 727 295 804 nibus
335 729 659 809 vehementissime
694 729 904 833 quaeritur.
970 729 1104 826 Quum
1139 744 1262 803 essent

178 851 300 927 animi
332 877 529 929 servorum
559 872 599 930 et
631 879 697 958 spe
730 843 770 927 et
800 870 906 928 metu
933 852 1090 942 tentati,
1123 870 1169 926 ut
1193 853 1262 929 ali-

162 972 276 1076 aquid
311 973 354 1049 in
386 975 610 1078 quaestione
643 974 832 1051 dicerent:
861 993 998 1060 tamen,
1010 993 1056 1050 ut
1080 975 1260 1065 arbitror,

180 1098 408 1173 auctoritate
445 1098 714 1175 advocatorum
745 1116 784 1174 et
814 1098 851 1173 vi
892 1102 1172 1176 tormentorum
1193 1094 1261 1174 iad-

182 1215 296 1304 ducti,
323 1220 366 1295 iu
390 1223 548 1299 veritate
573 1214 806 1311 manserunt,
833 1247 959 1324 neque
982 1249 1019 1296 se
1045 1221 1261 1325 quidquam

182 1341 272 1417 scire
309 1343 499 1427 dixerunt.
559 1346 743 1443 Quaestio
774 1346 843 1421 illo
874 1344 939 1420 die
969 1344 1017 1420 de
1048 1345 1262 1423 amicorum
1282 1378 1338 1444 ¹77

181 1467 369 1542 sententia
396 1467 545 1544 dimissa
571 1486 636 1545 cst.
686 1469 781 1545 Satis
806 1469 920 1570 longo
944 1468 1145 1545 intervallo
1177 1488 1262 1575 post

157 1587 322 1665 roiterum
347 1589 592 1666 advocantur.
625 1591 801 1665 Habetur
825 1589 872 1664 de
897 1591 1045 1694 integro
1070 1592 1262 1694 quaestiot

185 1714 290 1786 nulla
325 1714 381 1788 vis
418 1730 700 1788 tormentorum
725 1711 1002 1795 acerrimorum
1024 1715 1264 1818 praetermit-

190 1833 303 1908 titur:
336 1833 525 1911 adversari
558 1833 730 1910 advocati
766 1853 804 1910 et
829 1836 906 1910 iam
929 1838 992 1912 vix
1015 1839 1116 1916 ferre
1140 1862 1265 1945 posse:

179 1955 309 2033 furere
324 1958 488 2038 crudelis
510 1979 627 2064 atque
652 1961 874 2066 importuna
897 1962 1058 2050 mulier,
1092 1966 1166 2041 sibi
1191 1993 1265 2043 ne·

178 2107 385 2186 quaquam,
399 2106 445 2162 ut
453 2102 642 2191 sperasset,
653 2109 819 2188 ea‚quae
836 2087 1039 2189 cogitasset,
1048 2089 1265 2188 procedere.

144 2211 319 2308 15Quum
344 2210 421 2286 iam
446 2226 569 2286 tortor
594 2228 711 2315 atque
735 2229 856 2288 essent
881 2232 1070 2290 tormenta
1096 2217 1175 2321 ipsa
1201 2215 1267 2292 de-

175 2335 292 2426 fessa,
319 2362 445 2441 neque
471 2354 599 2414 tamen
624 2337 691 2413 illa
718 2337 836 2414 finem
859 2337 982 2413 facere
1006 2341 1140 2419 vellet:
1178 2342 1265 2444 qui·

177 2457 272 2534 dam
297 2487 343 2536 ex
367 2460 574 2551 advocatis,
600 2461 716 2538 homo
741 2481 780 2540 et
803 2460 1018 2539 honoribus
1040 2465 1178 2570 populi
1203 2489 1268 2542 ors

175 2603 317 2674 natus‚
350 2602 389 2659 et
411 2611 559 2660 summa
583 2584 726 2660 virtute
750 2584 961 2690 praeditus,
989 2585 1202 2689 intelligere
1226 2614 1265 2663 se

177 2705 300 2798 dixit,
327 2735 407 2784 non
432 2706 475 2782 id
499 2708 578 2810 agi,
609 2726 656 2784 ut
678 2733 811 2784 verum
837 2708 1096 2796 inveniretur,
1130 2710 1196 2788 sed
1219 2730 1267 2789 ut

117 2828 336 2934 ²0aliquid
375 2829 460 2906 falsi
491 2827 616 2905 dicere
659 2849 894 2934 cogerentur.
948 2833 1031 2908 Hoc
1063 2851 1268 2939 postquam

187 2952 303 3027 ceteri
336 2951 660 3055 comprobarunt:
694 2977 740 3026 ex
765 2953 941 3028 omnium
964 2956 1153 3033 sententia
1178 2985 1269 3033 con·

186 3075 364 3150 stitutum
388 3091 451 3162 est,
471 3072 560 3148 satis
583 3071 705 3148 videri
730 3099 804 3150 esse
828 3076 1053 3178 quaesitum.
1079 3079 1270 3158 Redditur
1287 3105 1344 3189 ¹7⁸

189 3196 401 3302 Oppianico
426 3195 677 3270 Nicostratus:
703 3197 890 3274 Larinum
915 3199 995 3305 ip'sa
1013 3201 1272 3307 proficiscitur

192 3345 280 3395 cum
310 3319 401 3410 suis,
428 3344 617 3409 maerens,
644 3319 750 3423 quod
786 3321 864 3396 iant
902 3340 1004 3396 certe
1034 3322 1270 3405 incolumem

117 3443 315 3526 25filium
347 3445 429 3519 fore
462 3445 644 3549 putabat,
674 3443 723 3519 ad
746 3471 863 3549 quem
888 3475 969 3524 non
995 3447 1108 3524 modo
1134 3476 1268 3529 verum

270 3626 302 3686 5.
323 3623 591 3687 vehementissimis
692 3646 739 3686 12.
758 3627 890 3688 aversari

257 3777 284 3832 3.
304 3771 543 3826 vehementissime
566 3774 619 3826 AB
676 3771 922 3826 vehementissimis
941 3777 997 3831 ΗΟ
1103 3779 1128 3846 d.
1146 3787 1175 3833 et
1192 3787 1268 3834 metu

193 3845 260 3896 etri
280 3855 515 3897 tormentorumo
565 3862 614 3898 suo
634 3844 694 3896 loeo
718 3846 824 3896 omissis
841 3846 950 3899 verbis:
975 3857 1004 3900 et
1022 3847 1049 3899 vi
1066 3854 1146 3901 torm.
1241 3858 1266 3908 8.

194 3913 225 3965 de
242 3935 291 3969 om.
312 3912 583 3986 hcdefgdkldec
636 3931 660 3982 9.
674 3915 790 3966 (lemicae
808 3914 1056 3989 Abcdesghmx
1112 3939 1150 3975 ra.
1171 3923 1267 3975 adver·

193 3984 338 4038 :arieti
410 3986 559 4039 adversarii
585 3982 992 4060 Acdfghltlmydedqtrpt
1065 3994 1268 4058 averterim

193 4071 264 4129 seqq,
336 4061 365 4108 et
393 4055 455 4128 iam]
484 4059 566 4110 etiam
585 4055 821 4126 Λό-Ιιδεζκμ
929 4063 967 4115 15.
986 4067 1120 4114 tormenta
1141 4071 1268 4118 esseutc

197 4142 234 4194 ¹7·
250 4127 332 4180 homo
353 4133 381 4180 et
397 4145 449 4184 om.
468 4129 492 4179 B
596 4145 637 4182 no·
657 4127 746 4180 dicere
765 4141 814 4183 om.
835 4129 858 4182 B
963 4147 1004 4185 aa·
1022 4139 1063 4184 eat
1080 4149 1129 4184 om.
1149 4133 1172 4184 B
