2736 4696
575 226 579 233 ’
611 261 769 322 enirm

145 446 224 521 reri
250 443 436 532 homines,
474 443 542 544 qui
574 442 646 518 hoc
679 464 916 536 statuerunt,
934 445 1025 550 -quo
1060 449 1228 554 quisque

146 569 275 643 animo
300 569 397 672 quid
419 570 577 659 faceret,
602 572 762 674 spectari
787 589 971 675 oportere,
984 573 1056 647 etsi
1076 573 1143 655 alii
1162 601 1229 679 pe-⁴

146 693 259 769 cunia
296 714 447 796 accepta
484 721 617 769 verum
652 693 898 786 iudicabant,
933 712 1060 770 tamen
1098 690 1228 787 nihilo

143 817 271 890 minus
295 843 331 891 se
362 817 622 919 superioribus
653 819 729 909 suis
755 818 907 908 iudiciis
945 835 1117 899 constare
1152 847 1227 924 pn·

142 940 276 1019 tabant
295 958 478 1041 oportere.
506 944 639 1040 Itaque
661 939 911 1016 damnarunt..
937 941 1123 1042 Quinque
1140 948 1245 1025 orn-,5

141 1061 235 1135 nino
262 1061 431 1146 fuerunt,
458 1061 526 1161 qui
553 1060 666 1133 illum
690 1078 852 1135 vestrum
880 1061 1123 1139 innocentem
1142 1066 1225 1170 Op:

141 1185 359 1287 pinninum,
393 1184 475 1278 'sive
509 1183 791 1286 imprudentia,
835 1182 912 1263 sive
949 1185 1222 1283 misericor-dia,

140 1308 215 1382 sive
246 1308 382 1409 ¹aliqua
425 1305 667 1408 suspicione,
711 1306 786 1381 sive
820 1307 1028 1383 ambitione
1060 1308 1222 1387 adducti

140 1431 392 1517 absolverunt

81 1537 116 1600 77
239 1551 499 1633 Condemnato
524 1549 755 1653 Oppianico,
779 1552 908 1642 statim
933 1556 974 1626 L.
1000 1554 1263 1659 Quinctium

140 1674 256 1749 homo
282 1674 443 1771 manime
470 1673 682 1775 popularis,
710 1674 780 1776 qui
804 1675 929 1751 omnis
954 1672 1222 1757 rumorum⁵et

140 1775 368 1874 concionum
401 1817 530 1874 ventos
562 1797 738 1903 colligere
772 1818 981 1874 consuesset
1001 1808 1018 1889 ‚'
1050 1802 1222 1879 oblatam

138 1920 210 1996 sibi
242 1919 462 1992 facultatem
501 1917 669 2020 putavit,
705 1939 751 1991 uc
781 1945 825 1991 ex
851 1920 995 2014 invidia
1027 1926 1221 2021 senatoria

139 2061 260 2146 posset
286 2066 466 2129 crescere,
491 2039 597 2141 quod
622 2040 702 2115 eius
735 2039 880 2143 ordinis
913 2045 1056 2123 iudicia
1088 2048 1222 2141 minus

137 2165 215 2239 iam
250 2165 407 2269 probari
440 2166 585 2269 populo
615 2165 886 2241 arbitrabatur.
937 2171 1113 2245 Habe'tur
1136 2187 1261 2269 unam,

138 2307 254 2390 atque
276 2291 397 2363 'altera
423 2287 554 2362 concio
578 2288 778 2363 vehemens
802 2308 840 2364 et
864 2292 999 2392 gravis:
1033 2295 1220 2397 accepisse

136 2412 339 2516 pecuniam
367 2408 525 2499 iudices,
552 2428 597 2484 ut
624 2410 868 2505 innocentem
894 2438 1004 2489 reum
1028 2416 1220 2498 condem-

136 2553 292 2623 narent,
318 2534 514 2608 Tribunus
539 2532 661 2635 plebis
686 2534 922 2611 clamitabat:
953 2538 1014 2638 agi
1038 2538 1223 2625 fortunas·

137 2659 311 2739 omnium
336 2655 501 2749 dicebat:
528 2657 638 2730 nulla
662 2654 925 2735 esseiudiciat
950 2660 1020 2760 qui
1054 2663 1217 2764 pecuni-

135 2810 242 2864 osum
263 2781 465 2879 inimicum
488 2776 655 2871 haberet,
674 2780 906 2854 incolumem
921 2807 995 2858 esse
1020 2784 1263 2873 neminemaq

134 2934 249 3012 posse..
298 2907 480 2982 Homines
507 2906 622 2979 totius
646 2905 770 3005 ignari
796 2903 957 3005 negotii,
987 2905 1058 3007 qui
1092 2904 1229 3010 Oppi-J

134 3033 290 3105 anicum
315 3056 528 3130 numquam
559 3026 753 3117 vidissent,
789 3027 916 3102 virum
952 3029 1143 3134 optimum
1175 3047 1217 3104 et

133 3153 329 3228 hominem
362 3150 676 3258 pudentissimum
714 3151 877 3253 pecunia
910 3177 1131 3255 oppressum
1153 3178 1218 3231 ara

130 3274 561 3365 bitrarentur‚·incensi
586 3275 819 3378 suspicione,
854 3300 935 3349 rem
960 3276 1004 3348 in
1038 3272 1215 3366 medium

216 3476 244 3522 1.
264 3457 400 3517 homines
419 3455 476 3515 boc
496 3465 664 3532 statuerunt
745 3475 776 3536 a.
798 3463 839 3528 et,
861 3454 887 3512 si
968 3472 997 3535 9.
1019 3449 1214 3512 absolverent

203 3655 225 3695 ι.
244 3637 378 3700 homines,
397 3637 445 3702 qui
465 3635 517 3688 hoc
551 3637 661 3690 Aecr
746 3634 874 3697 homines
895 3631 947 3684 hoc
963 3633 1019 3705 llo
1043 3635 1211 3702 (praeterr)

131 3725 154 3770 a.
167 3707 236 3780 etsi]
258 3717 285 3760 et
305 3709 328 3758 si
364 3705 423 3774 edd,
444 3720 540 3759 anter
621 3709 646 3758 6.
664 3713 825 3765 nostrnmg
901 3723 924 3772 7.
944 3699 1114 3770 impudentia
1132 3701 1210 3752 ΑΜ

130 3785 231 3845 (corr.)
252 3775 344 3838 αδεζ
413 3782 438 3833 8.
458 3775 684 3829 abductchod.
704 3779 730 3829 S.
757 3775 825 3832 Vict.
894 3791 919 3842 9.
931 3772 1106 3823 absolverunt
1122 3768 1211 3822 ΑΒΕ

130 3852 347 3920 abciqkus
433 3846 736 3917 absolverentllvulg'.
843 3844 880 3912 14.
899 3845 986 3911 possit
1006 3841 1059 3893 AB
1165 3840 1208 3897 15.

128 3921 183 3990 jum
202 3920 345 3982 om.B(2.
365 3935 399 3975 m.
417 3916 576 3989 adscripsit)
665 3913 1087 3984 16.atque0m.atc1·stuar
1165 3926 1208 3975 ¹7·

129 3988 217 4062 reum]
238 4005 334 4041 cuma
415 3989 450 4041 18.
471 3987 646 4040 clamabatC
714 3984 851 4056 agi1eiu
890 3979 1127 4052 19.iudiciaesse
1154 3979 1213 4050 AB

130 4079 174 4121 πο.
201 4069 230 4113 et
256 4057 325 4109 hom.
345 4057 409 4126 pud.
439 4075 488 4108 om.
516 4054 539 4109 B
574 4059 615 4112 23.
627 4055 868 4127 prudentissimum
896 4049 1209 4127 abcbprstuuyeq·

130 4147 288 4201 oppressum
298 4143 354 4202 esse
373 4127 471 4197 arluc
637 4144 639 4148 ’
708 4124 710 4128 ’
1004 4136 1006 4141 ·
1130 4134 1150 4157 ι’
1203 4124 1208 4137 ·
