2736 4696
147 265 215 359 ,94
372 285 384 333 -p
571 250 826 316 annonario

140 435 344 519 superioribus
362 437 461 518 potuit
481 433 619 518 intelligi,
629 456 720 519 quam
743 435 837 514 miles,
858 436 912 519 qui
929 434 1024 495 locam
1044 454 1104 496 non
1117 437 1223 514 tremit,

139 546 196 629 qui
212 546 336 605 hostirm
350 545 491 628 impetum
510 545 631 628 uirque
647 542 819 627 pertinsem
840 562 933 624 quam
951 540 1100 620 ridicule,
1126 541 1221 603 'nemo

139 674 200 713 non
222 654 322 714 sentit.
364 654 429 714 Iam
449 652 524 713 illud
546 654 626 713 nacti
647 673 774 732 sumus,
791 650 874 734 quod
892 672 970 734 opus
989 659 1077 728 erat,
1108 668 1222 711 novam

139 778 301 841 personam
322 779 447 840 eamque
468 769 536 840 apte
555 757 721 818 definitam.

219 896 283 978 89,
311 897 340 958 5.
363 910 394 957 tu
414 919 473 957 nou
495 896 719 958 animaduertes·
732 891 822 978 cett]
844 891 967 976 Optime
986 892 1017 957 h.
1040 891 1063 954 l.
1087 892 1222 957 Orellius

137 1003 368 1064 Lambiniauam
394 1006 542 1064 rationem
563 1003 658 1065 futuri
677 1005 821 1085 temporis
841 1000 1080 1078 (cmimadvertes²
1104 1021 1225 1087 carpes,⁴

135 1115 265 1190 sortiere)
291 1135 347 1195 pro
368 1113 567 1175 coniunctivis
594 1112 789 1187 restituendi,
820 1111 959 1172 aceteris
974 1121 1106 1192 spretam
1123 1111 1216 1173 redu-

136 1221 201 1297 xit,
232 1241 356 1302 eamque
379 1221 496 1303 egregia
515 1242 569 1280 sua
591 1223 763 1281 coniectura
787 1222 929 1296 ornavit,
958 1231 990 1279 tu
1008 1221 1142 1300 reposito
1165 1239 1221 1301 pro

137 1325 260 1409 vulgato
284 1342 333 1405 ut,
364 1328 447 1409 quod
470 1328 636 1389 Lambinus
667 1329 814 1389 eiecerata
855 1327 915 1386 iam
942 1325 1091 1387 accedunt
1115 1327 1220 1408 optimi

137 1431 254 1493 codices
282 1434 321 1493 ad
347 1456 451 1496 veram
477 1436 636 1498 lectionem
666 1433 858 1497 firmandam.
903 1433 988 1495 Velis
1015 1445 1139 1511 tamen,
1166 1453 1219 1515 pro

137 1562 198 1623 quo
216 1541 382 1602 Lambinus
398 1553 427 1602 et
443 1540 577 1602 Orellius
593 1543 675 1603 uoles
692 1540 864 1616 dederunt,
894 1538 1035 1621 equidem
1045 1536 1124 1598 ¹cum
1136 1535 1221 1599 libris

137 1647 279 1709 omnibus
297 1649 488 1709 retinendum
506 1648 596 1709 duxi:
620 1646 754 1730 intellige
777 1645 889 1707 modo:
909 1658 1050 1730 utautque
1068 1644 1158 1705 uelis.
1232 1684 1244 1699 ,

223 1793 270 1855 18.
292 1814 351 1852 non
377 1792 481 1852 eadem
503 1812 603 1875 poena
628 1789 714 1872 affici
734 1796 889 1876 oportere?
927 1782 1133 1868 eonverriene]
1171 1785 1219 1848 Sic

134 1895 216 1956 hunc
235 1895 333 1956 locum
350 1896 500 1957 leuissima
517 1896 726 1958 emendatione
742 1896 903 1957 constitui:
932 1914 1004 1954 uam
1024 1891 1218 1954 hauddubie

135 2000 249 2083 duplici
269 2002 440 2074 infinitivo,
466 2025 556 2085 quem
570 2002 659 2085 longe
674 2002 810 2085 plerique
824 2000 911 2062 MSS.
925 2010 1068 2074 servant,
1096 2001 1128 2061 in
1142 2022 1218 2082 pau·

135 2109 187 2169 cis·
199 2119 316 2168 tantum
335 2109 430 2170 altero
449 2129 505 2191 pro
527 2110 721 2171 librariorum
748 2109 875 2170 arbitrio
895 2111 1007 2186 eiecto,
1033 2128 1219 2190 quamquam

133 2214 274 2275 ferendus
295 2237 357 2276 uon
381 2227 465 2290 crat,
496 2216 598 2298 aliqua
617 2238 708 2279 causa
732 2229 763 2277 et
785 2217 1021 2277 ratidsuberat:
1053 2237 1148 2297 quam
1177 2217 1218 2277 sic

138 2317 286 2378 iuvenisse
306 2320 383 2380 mihi
407 2321 538 2394 videor,
574 2333 609 2382 ut
637 2327 799 2405 iugenuam
828 2324 1009 2404 scripturam
1047 2325 1220 2383 committe

137 2428 328 2487 usdmutium
347 2425 515 2486 scribarum
536 2448 638 2488 errore
658 2430 691 2489 in
714 2428 897 2489 infinitivum
922 2428 1083 2487 conuenire
1111 2427 1217 2490 abiisse

137 2542 278 2594 statuam.

218 2696 275 2758 90,
300 2698 348 2736 ιι.
375 2678 574 2738 nueltimdini:
602 2680 719 2738 nemini
745 2676 863 2737 licitum
883 2671 937 2756 est]
988 2674 1108 2735 Verum
1136 2675 1167 2736 b.
1191 2675 1215 2737 l.

137 2787 219 2856 (mm
240 2803 329 2843 nemo
348 2783 438 2847 facile
450 2785 488 2846 de
508 2788 635 2846 veritate
654 2784 816 2861 dubitabit)
828 2783 885 2844 soli
904 2781 1097 2864 palimpsesto
1109 2783 1216 2845 Tauri-

136 2894 222 2952 neusi
260 2891 421 2951 debemus:
453 2887 643 2969 corruptelae
665 2911 720 2969 per
748 2893 849 2951 omnis
881 2887 1000 2950 codiee·
1030 2892 1216 2967 permeantis

137 3019 228 3060 causa
255 3002 412 3081 quaerenti
432 3000 533 3058 sarim
561 3008 705 3078 apparet:
737 3019 809 3057 nam
836 2999 951 3079 primae
974 2993 1093 3055 litterae
1122 2995 1217 3078 (rtem)

132 3106 267 3167 ηεῒὶωῑί
285 3105 427 3166 vocabuli
443 3107 557 3166 mmriu‘
577 3105 768 3185 praecedeuti
783 3105 901 3164 nomini
923 3105 1146 3165 metendum
1163 3104 1217 3166 ad·

135 3213 315 3276 haeseruntz
352 3213 487 3296 relieprue
508 3216 581 3286 (tiri)
610 3233 680 3272 cum
705 3212 865 3294 participio
885 3212 998 3273 dabam
1019 3210 1217 3290 munerant,

135 3321 219 3382 uude
230 3321 388 3404 vulgatum
425 3320 500 3381 illud
519 3321 658 3379 illicimur
678 3330 780 3379 ortum
799 3329 856 3380 est.

218 3482 281 3544 91,
303 3483 336 3522 a.
359 3463 416 3521 illo
443 3460 556 3522 dedicio
578 3459 813 3544 reprehendisse]
840 3461 901 3520 vix
929 3478 1059 3542 usquam
1086 3461 1221 3543 apertior

23 3584 28 3593 “
136 3567 332 3629 librariomm
376 3589 464 3629 error
497 3568 680 3650 reperietur,
713 3589 805 3649 quam
828 3571 861 3628 iu
887 3567 992 3628 verbis
1015 3568 1097 3647 illis',
1140 3588 1217 3651 quae

137 3684 208 3736 ente
230 3672 382 3734 Orellium
407 3674 468 3735 buc
489 3677 606 3736 intrusa
631 3674 827 3758 legebantur:
850 3697 918 3735 eum
939 3678 1070 3760 eqrrestn
1092 3677 1215 3737 ordme:

135 3778 436 3844 mendemmodo
454 3780 663 3862 praecedunt,
683 3801 782 3861 neque
803 3777 868 3840 ullo
888 3778 1215 3862 modobl.intelligi

135 3899 274 3973 possunt.
302 3887 420 3947 Tamen
433 3909 538 3949 omnes
549 3888 639 3948 codd.
655 3899 775 3970 praeter
791 3887 853 3970 pel.
874 3889 970 3954 Taur.
985 3908 1020 3947 ea
1035 3898 1212 3968 aguoemrut,

135 4007 167 4058 et
180 3995 263 4079 quod
280 3997 377 4078 magis
398 3995 568 4055 mirandum
588 4007 652 4076 est,
679 4007 750 4056 ante
767 3995 944 4056 Ernestium
961 3994 1093 4056 editores
1111 4009 1214 4056 omues

136 4101 224 4166 facile
240 4125 276 4166 ea
291 4101 438 4164 tiduuut.
