2736 4696
508 302 592 364 pso
616 299 907 364 nctussuo.
1110 385 1112 390 ,
1177 326 1241 377 ιιι

161 489 261 565 baec
298 512 419 594 quem
453 488 626 595 primum
656 487 700 565 in
738 485 861 564 omnis
886 483 1047 564 ordines
1076 481 1247 589 quaestio

163 612 394 718 perferatur.

179 726 182 733 ’
265 735 417 811 Interea
437 733 623 838 quidem,
658 758 729 839 per
747 733 847 808 Deos
870 729 1113 808 immortalisl
1154 757 1249 834 quo-
1271 731 1319 814 57

164 857 274 935 niam
311 859 440 934 omnia
471 856 669 933 commoda
698 875 847 947 nostra,
889 856 992 947 iura,
1015 854 1250 946 libertatem„

136 981 329 1056 '5salutem
352 979 520 1084 denique
535 980 682 1081 legibus
700 978 933 1068 obtinemus,
958 1005 981 1053 a
1003 977 1150 1079 legibus
1168 1004 1250 1058 uon

165 1103 409 1188 teoedamus3
432 1104 547 1178 simul
564 1120 603 1177 et
626 1099 726 1177 illud
746 1129 862 1204 quam
884 1100 934 1175 sit
956 1099 1171 1202 iniquum,
1188 1127 1249 1176 co-
1364 1128 1367 1139 ¹

164 1227 350 1330 gitemus,
391 1226 581 1330 populum
607 1227 824 1299 Romanum
854 1219 962 1297 aliud
988 1249 1094 1296 nune
1120 1248 1249 1325 agere:

164 1349 271 1425 vobis
303 1374 384 1423 rem
413 1348 610 1451 publicam
630 1364 669 1421 et
699 1346 873 1422 fortunas
896 1371 982 1462 ¹suas
1008 1345 1250 1423 commisisse:

165 1472 295 1576 ipsum
322 1471 404 1546 sine
426 1497 519 1545 cura
548 1494 640 1544 esse:
667 1495 748 1546 non
775 1486 964 1558 metuere,
999 1493 1048 1542 ne
1076 1468 1156 1571 lege
1183 1497 1249 1562 ea,
1310 1478 1312 1482 '

133 1620 284 1696 requam
301 1619 516 1696 numquam
538 1591 618 1698 ipse
639 1589 807 1684 iusserit,
835 1607 875 1664 et
901 1591 1140 1692 quaestione,
1168 1620 1250 1696 qua

149 1720 202 1793 'se
223 1707 395 1794 solutum
414 1716 658 1817 liberumque
679 1738 754 1788 esse
768 1711 996 1804 arbitretur,
1019 1738 1248 1820 perpaucos

166 1839 310 1916 iudices
346 1839 618 1941 adstringatur.
667 1836 757 1939 Agit
790 1835 895 1911 enim
928 1834 981 1911 sie
1017 1863 1168 1913 causam
1201 1841 1246 1914 Τ.
1264 1842 1323 1912 156

166 1965 318 2053 Accius,
344 1963 561 2040 adolescens
582 1963 707 2038 bonus
733 1979 773 2036 et
796 1959 975 2036 disertus:
1009 1961 1134 2038 omnis
1157 1962 1249 2041 civis

168 2085 313 2188 legibus
336 2086 456 2163 teneri
482 2086 678 2165 omnibus:
720 2111 784 2160 vos
812 2083 1009 2162 attenditis
1040 2107 1078 2164 et
1106 2085 1249 2166 auditis

142 2209 334 2302 15silentio,
356 2212 456 2291 sicut
472 2213 597 2294 faeere
617 2211 771 2288 debetis.
813 2214 856 2287 A.
874 2211 1074 2289 Cluentius
1097 2235 1249 2287 causam

169 2331 259 2410 dicit
290 2360 405 2437 eques
436 2340 631 2414 Romanus
659 2362 703 2412 ea
733 2336 832 2440 lege,
882 2362 960 2438 qua
988 2336 1185 2411 Senatores
1210 2353 1251 2414 et

169 2455 213 2546 ii,
260 2457 332 2562 qui
370 2459 632 2562 magistratum
665 2459 907 2554 habuerunt,
948 2459 1018 2536 soli
1048 2478 1248 2537 tenentur:

106 2629 108 2634 -
153 2580 262 2656 'mihi
286 2608 356 2687 per
377 2608 467 2657 eum
496 2608 668 2660 recusare
697 2601 736 2660 et
759 2583 801 2660 in
830 2611 917 2659 aree
940 2583 1032 2686 legis
1061 2582 1249 2689 praesidia

169 2704 395 2781 ¹constituere
420 2705 649 2784 defensionis
680 2735 785 2784 meae
818 2709 1024 2786 nonlicet.
1074 2707 1112 2786 Si
1149 2708 1269 2786 obri--

140 2829 295 2905 sonuerit
323 2856 475 2907 causam
501 2833 720 2923 Cluentius,
746 2831 871 2928 (sicuti
902 2850 1026 2909 vestra
1051 2837 1247 2940 aequitate

169 2951 246 3026 nixi
276 2951 539 3050 confidimus‚)
577 2983 707 3033 omnes
741 2957 1032 3050 existimabunt,
1064 2960 1105 3037 id
1140 2962 1248 3067 quod

97 3090 98 3096 ’
167 3074 253 3165 erit,
297 3075 505 3154 obtinuisse
542 3100 702 3186 propter
738 3082 1021 3176 iuuooentiam,
1063 3089 1247 3182 quoniam

167 3195 216 3274 ita
249 3197 424 3276 defensus
449 3201 519 3277 sit:
559 3202 602 3279 in
627 3205 708 3308 lege
735 3225 882 3297 autem,
917 3236 1036 3312 quam
1059 3211 1247 3314 attingere

241 3410 272 3478 6.
294 3415 440 3495 quamsit
460 3414 618 3497 indignum
745 3419 793 3482 15.
817 3421 857 3480 A.
882 3419 1053 3505 Cluentius,
1074 3375 1164 3508 eques
1184 3427 1246 3489 Ro·

243 3515 371 3575 manus,
392 3518 512 3559 eausam
530 3497 604 3560 dicit
753 3502 800 3565 16.
825 3524 885 3586 qus
905 3503 969 3587 lege

427 3786 434 3800 ι
606 3715 819 3839 Ἁωῃδεζηξ
863 3719 1004 3786 indignum
1033 3724 1180 3797 quulg.
1199 3726 1246 3814 fli-

161 3797 241 3850 gnum
264 3800 284 3833 α
381 3803 407 3855 9,
425 3795 514 3855 ipsum
536 3805 586 3846 om,
655 3790 1096 3866 γιαειενΒᾳςαγδεζηικλμ
1137 3812 1166 3849 se
1185 3813 1244 3849 erne

161 3866 223 3902 eura
242 3856 267 3905 A
385 3873 424 3908 ιο.
442 3857 567 3980 iusserit}
586 3859 686 3911 vixerit
701 3877 719 3909 α
830 3880 867 3914 ιι.
886 3861 1064 3916 arbitraretur
1082 3868 1116 3918 Π
1132 3879 1245 3937 praeter

174 3772 176 3777 ¹
209 3753 211 3764 .
230 3712 257 3765 6.
276 3714 401 3784 iniquum
420 3718 454 3768 Π
471 3729 585 3788 praeter

160 3921 435 3996 ΛΒΙιςαγδιζλμ
538 3947 545 3979 ι
571 3944 704 3982 ‚causam
722 3929 791 3983 dicit
810 3947 894 4002 eques
913 3935 990 3988 Rom.
1007 3936 1062 3987 AB
1089 3953 1172 4006 eques
1192 3939 1245 3989 Ro-

159 4007 265 4056 manus,
284 4009 392 4048 eausam
413 3996 481 4050 dicit
499 3999 553 4052 so
654 4001 692 4052 16.
713 4019 768 4072 qua
786 3999 930 4056 Senatores
951 4005 1078 4078 ABquv
1114 4023 1168 4075 qua
1184 4008 1243 4076 lege

159 4060 321 4204 qqnquto
390 4084 432 4123 αι.
451 4066 520 4140 nixi}
539 4069 594 4123 niu
611 4089 631 4124 n
650 4068 730 4128 codd.
751 4073 841 4128 lamb.
861 4090 879 4124 α
925 4091 1019 4131 omnes
1037 4092 1087 4131 om.
1104 4074 1146 4129 ed.
1169 4078 1243 4147 rest.
1348 4135 1352 4142 .
