2736 4696
615 61 631 97 0

587 239 764 303 cntrtcn.
1143 273 1214 348 209
1287 283 1290 294 .

137 428 298 509 agitatam3
320 425 448 508 ideoque
469 424 692 507 quodammodo
713 424 935 486 conclusionem
957 419 1056 484 efficit.
1100 427 1215 488 Mirum

137 541 213 592 esset
234 553 331 614 neque
353 533 508 594 Ciceronis
532 537 660 595 orationi
687 535 876 610 conveniens,
892 535 917 593 si
947 535 1021 615 quid
1046 534 1093 595 vel
1124 536 1214 602 miniae

94 683 98 697 .
136 659 220 699 mum
241 640 426 700 auctoritatis
447 640 523 701 fictis
542 639 660 702 tabellis
682 643 880 705 concessisset.

223 772 290 844 132,
315 791 365 830 20.
388 769 543 860 [coningio]
577 773 760 856 Suspicionis
781 774 865 856 signo
885 772 943 833 hoc
963 792 1072 832 nomen
1095 774 1215 833 notavi-

135 900 223 954 mus,
255 877 337 961 quod
364 879 396 939 in
426 879 515 962 longe
544 881 692 965 plerisque
719 881 809 944 codd.
842 882 1045 943 desideratur:
1082 901 1152 939 nam
1180 889 1215 941 ut

136 983 214 1046 nihil
235 982 404 1045 offensionis
423 983 567 1057 haberet,
600 990 625 1050 si
646 991 717 1050 satis
745 990 831 1051 firma
852 991 1028 1051 auctoritate
1051 967 1219 1064 niteretur,

135 1094 180 1152 ita
198 1091 284 1152 facile
302 1093 341 1152 ab
368 1089 582 1174 interpolatore
611 1091 701 1148 inseri
722 1092 838 1171 potnit,
870 1099 921 1172 qui
952 1096 1049 1156 sedem
1077 1096 1216 1160 disertius

136 1219 229 1282 quam
253 1198 328 1279 opius
347 1200 413 1258 e'rat
436 1195 624 1278 explanatam
648 1215 712 1256 esse
733 1194 883 1278 cupiebat.

224 1329 298 1403 133,
335 1327 381 1393 15.
410 1326 586 1411 muneribus]
629 1325 712 1387 Nihil
742 1328 803 1388 fere
832 1327 1017 1388 auctoritatis
1046 1346 1080 1387 ex
1108 1336 1227 1396 nostris

135 1434 221 1500 libris
242 1445 329 1496 nacta
350 1445 395 1495 est
427 1434 575 1514 scriptura
603 1427 739 1494 veterum
763 1432 928 1492 editionum
952 1443 983 1493 et
1003 1433 1126 1494 Gruteri
1152 1455 1219 1495 mu-

136 1542 293 1620 liebribus,
312 1561 403 1622 quam
424 1538 474 1600 hic
495 1540 526 1598 in
545 1549 614 1599 octo
635 1539 778 1602 Palatinis
799 1538 887 1598 codd.
908 1559 940 1599 se
959 1539 1107 1600 iuvenisse
1126 1550 1218 1602 testa-

137 1642 207 1724 tur,
233 1655 339 1710 uereor
357 1657 477 1726 tamen,
495 1656 538 1707 'ne
557 1647 648 1728 paulo
667 1646 866 1726 indistinctius
887 1656 1045 1712 exaratam.
1077 1648 1219 1709 Ceterum

137 1757 178 1817 ad
199 1759 319 1817 sensum
339 1774 399 1814 non
420 1765 482 1814 tam
503 1753 700 1835 improbanda
721 1752 796 1812 mihi
816 1752 996 1828 videbatur,
1029 1756 1053 1814 si
1079 1753 1218 1815 Ciceroni

138 1866 180 1926 sic
201 1861 330 1924 scribere
350 1856 528 1941 placuisset:
550 1858 633 1919 haud
652 1860 768 1940 inepte,
794 1858 919 1940 opinor,
942 1860 1093 1919 collocatio
1110 1859 1217 1943 filma,
1271 1894 1275 1902 ·

138 1972 239 2031 minus
264 1978 345 2028 recte
379 1987 441 2050 spes
471 1967 643 2027 hereditatis
661 1966 721 2027 dici
751 1968 917 2048 potuissent
942 1967 1023 2028 dona
1052 1967 1219 2035 mulz'ebria.

140 2078 230 2138 Nunc
257 2085 359 2136 autem
386 2073 541 2136 lectionem
571 2075 677 2136 melius
705 2076 913 2136 confirmatam
941 2076 1076 2134 retineo:
1108 2073 1227 2152 donuae

140 2193 171 2243 et
191 2202 291 2242 munus
314 2178 432 2260 saepius
454 2181 695 2261 coniunguntur:
718 2201 774 2262 pro
795 2180 889 2241 Arch.
904 2201 932 2240 c.
954 2177 987 2240 8.
1011 2177 1078 2240 18.:
1110 2181 1218 2263 poetae

140 2291 228 2374 quasi
248 2288 370 2348 morum
388 2284 490 2367 αὰὴιιο
508 2285 585 2347 douo
605 2299 692 2370 atque
714 2307 834 2348 ntunere
860 2285 1057 2349 conscendas
1082 2308 1143 2348 esse
1171 2288 1219 2372 vl·

138 2396 259 2457 dem
845 2379 865 2392 ‘⁴

229 2499 277 2562 16.
298 2500 342 2561 ita
362 2497 443 2584 quod
460 2496 547 2582 apud
562 2508 678 2579 ceteros]
699 2500 760 2566 Cfr.
784 2500 823 2561 ad
843 2523 873 2582 p.
896 2522 944 2578 ao,
964 2521 1014 2562 ao.

225 2630 294 2708 134,
320 2651 365 2713 ¹7·
389 2627 529 2688 mt'sisset:
549 2623 627 2708 ipsa]
649 2624 805 2706 Aptissima
826 2643 941 2692 mutata
965 2630 1127 2693 verborum
1151 2635 1216 2695 col-

142 2735 291 2798 locatione
309 2735 400 2795 etiam
421 2730 642 2819 distinctionem
667 2732 868 2796 mutavimus:
901 2737 943 2798 sic
964 2735 1087 2798 demum
1107 2738 1219 2800 intelli-

133 2847 241 2926 gitur,
265 2840 338 2924 quid
358 2837 509 2901 sibivetit
528 2857 695 2921 pronomen
715 2836 793 2919 epse,
813 2841 891 2918 qued
912 2845 944 2904 in
964 2847 1076 2926 protasi
1096 2845 1221 2908 moleste

119 2951 295 3030 ‘intrusum
313 2968 376 3008 esse
398 2945 574 3007 videbatur:
610 2963 705 3026 quum
723 2933 921 3009 accusatorem
941 2950 1069 3035 Romam
1090 2954 1220 3016 misisset
1307 2962 1310 2968 ·

142 3057 257 3118 nefaria
277 3055 471 3136 mulier,ipsa
488 3053 593 3114 Larini
613 3048 788 3112 morabatur
802 3048 841 3109 ad
861 3045 973 3132 reliqua
991 3058 1124 3125 subsidia
1143 3080 1221 3125 con·
1314 3037 1317 3042 Χ

144 3164 303 3248 quirenda.
862 3179 865 3186 '

229 3292 297 3371 155,
314 3293 346 3359 5.
367 3292 633 3364 Fabraternorum
655 3287 783 3374 Restitui
805 3296 940 3348 veterum
960 3285 1120 3359 cdininum
1146 3301 1220 3362 sori.
1269 3266 1273 3273 ⁵

144 3407 275 3480 pturam,
293 3399 332 3461 ad
352 3419 444 3483 quam
462 3399 599 3458 omnium
618 3395 766 3456 libromm
779 3394 903 3475 vestigia
917 3393 1032 3456 ducunt
1046 3404 1222 3472 Afraterno.
1323 3452 1326 3459 .

141 3516 262 3566 mmet
286 3506 525 3566 Fratemwrum:
549 3502 745 3564 Fabrateriae
765 3501 839 3560 situs
860 3500 1007 3562 eiusmodi
1028 3513 1083 3579 est,
1110 3523 1140 3574 nt
1158 3535 1221 3581 non

143 3614 245 3696 minus
266 3622 370 3691 reete,
395 3630 488 3692 quam
507 3607 682 3692 Aquinum,
711 3606 743 3666 in
764 3604 874 3688 Arpini
906 3606 1056 3670 vicinitate
1086 3610 1224 3681 collocari

145 3719 251 3799 possit.
295 3716 537 3795 Venafranonen
559 3712 598 3774 ad
618 3695 743 3774 sensum
762 3709 887 3792 perinde
908 3709 1004 3774 foret:
1034 3713 1086 3775 sed
1109 3714 1224 3802 longius

144 3823 257 3884 recedit
277 3846 296 3884 a
316 3825 464 3904 scriptura
484 3819 633 3885 codicum.
666 3818 792 3881 Minime
808 3817 965 3898 probanda
990 3832 1037 3882 est
1057 3827 1229 3905 coniectura

144 3932 269 3993 Gruteri
297 3931 545 4012 Alfaternorum,
575 3929 629 4012 qui
649 3928 749 4014 sinum
774 3924 891 3989 Salerni
920 3927 1058 3990 accolunt
1084 3943 1115 3993 et
1140 3932 1230 4018 longe

144 4060 164 4101 a
184 4040 301 4102 Sassiae
322 4039 426 4100 itinere
445 4036 567 4102 dsunt.

992 4151 1036 4242 ¹4
