2736 4696
146 249 196 353 9⁶
453 288 455 295 .
528 186 530 191 ⁴
578 188 769 303 'omno

146 452 296 529 dictum
321 473 396 532 est:
416 473 462 530 ut
487 481 611 545 mare,
643 455 751 558 quod
785 474 925 533 natura
950 483 1017 534 sua
1044 456 1241 559 tranquil-

147 578 231 653 lum
268 579 339 668 sit,
370 598 574 655 ventorum
609 580 646 653 vi
680 580 817 682 agitari
842 600 958 682 atque
987 581 1157 672 turbari3
1183 581 1240 654 sie

147 704 339 806 populum
374 705 591 778 Romanum
631 731 698 779 sua
740 723 875 808 sponte
907 729 982 776 esse
1017 703 1240 807 placatumx

147 826 352 901 hominum
389 827 655 904 seditiosorum
687 830 851 921 vocibus,
886 847 932 904 ut
955 827 1241 904 violentissimis

147 953 453 1056 tempestatibus,
480 954 675 1030 concitari.
1253 971 1280 1034 ἐ

5 1142 8 1148 ,
74 1081 125 1154 50
248 1085 315 1158 Est
339 1085 456 1160 etiam
481 1086 631 1189 reliqua
656 1113 863 1192 permagna
881 1084 1097 1170 auotoritas,
1118 1108 1242 1187 quam

150 1231 222 1308 ego
259 1208 427 1311 turpiter
459 1235 581 1313 paene
606 1209 807 1313 praeterii:
834 1233 917 1283 mea
943 1208 1048 1282 enim
1072 1232 1149 1280 esse
1174 1203 1242 1278 di-

150 1331 266 1405 eitur.
316 1332 501 1406 Recitavit
526 1356 571 1405 ex
596 1333 787 1424 oratione,
810 1333 938 1408 neseio
964 1358 1058 1433 qua,
1091 1325 1241 1416 Accius,

152 1480 275 1556 quam
299 1479 424 1529 meam
439 1481 514 1529 esse
531 1452 691 1546 dicebat,
719 1453 1022 1531 cohortationem
1041 1451 1262 1556 quandam-

49 1608 54 1617 ·
151 1577 327 1656 iudicum
350 1575 402 1651 ad
426 1576 584 1652 honeste
609 1577 873 1668 iudicandum,
904 1596 944 1652 et
964 1599 1280 1652 commemora-u

151 1703 296 1778 tionem
321 1729 447 1806 quum
470 1702 637 1799 aliorum
662 1700 924 1791 iudiciorum,
949 1726 1050 1803 quae
1074 1699 1244 1805 probata

150 1854 232 1903 non
257 1843 387 1915 essent
416 1842 501 1900 tum
525 1826 630 1904 itlius
655 1824 773 1932 ipsius
790 1823 932 1934 iudicii
957 1823 1128 1899 Iuniani:
1154 1849 1245 1928 pro-

153 1946 245 2024 inde
279 1946 388 2051 quasi
427 1972 497 2050 ego
526 1975 608 2024 non
640 1949 690 2024 ab
724 1948 837 2024 initio
868 1946 986 2023 huius
1011 1945 1241 2022 defensionis

154 2071 338 2161 dixerim,
377 2067 630 2145 invidiosum·
648 2067 748 2144 illud
782 2069 973 2146 iudicium
996 2069 1137 2145 fuisse:
1160 2087 1238 2160 aut,

152 2223 280 2301 quum
305 2191 354 2268 de
378 2190 538 2267 infamia
563 2177 799 2267 iudiciorum
825 2193 1077 2298 disputarem,
1104 2199 1280 2297 potue-15

151 2307 230 2395 rim
252 2314 372 2407 illud,¹
395 2311 504 2419 quod
531 2332 607 2390 tam
633 2315 821 2419 populare
846 2335 939 2392 esset
963 2316 1031 2390 illo
1058 2333 1239 2420 tempore,

74 2463 132 2548 139
153 2441 373 2548 praeterire.
423 2439 503 2540 Ego
528 2463 638 2526 vero,
667 2437 698 2512 si
724 2435 820 2539 quid
846 2436 1032 2514 eiusmodi
1058 2438 1150 2530 dixi,
1175 2464 1240 2515 ne·

150 2593 231 2673 que
255 2561 453 2666 cognitum
476 2559 792 2647 commemoravi,
819 2586 945 2664 neque
971 2587 1043 2666 pro
1075 2562 1241 2638 testim0«

152 2692 221 2776 nio
251 2687 357 2768 dixit
379 2703 420 2762 et
445 2684 513 2760 illa
526 2681 650 2762 oratio
667 2681 797 2790 potius
819 2685 999 2790 temporis
1017 2684 1104 2777 mei,
1122 2712 1242 2788 quam

239 2908 267 2954 ι.
288 2894 472 2948 manatura
566 2900 598 2941 a.
621 2880 664 2943 sic
685 2891 716 2944 et
734 2878 882 2964 populum
1012 2903 1057 2947 ιι.
1078 2891 1145 2944 tum
1167 2882 1242 2944 alio-

233 2991 303 3032 rum
440 2986 487 3028 12.
508 2963 635 3047 perinde
749 2963 799 3045 ¹4·
823 2965 913 3028 titisse
934 2965 1083 3027 iudicium
1195 2967 1240 3031 16.

230 3055 266 3114 in
286 3051 339 3113 itta
361 3060 498 3132 tempore

223 3253 244 3289 1.
263 3239 362 3286 natura
380 3230 503 3283 ιιιιιΑΒ
537 3245 586 3282 tua
601 3236 657 3281 nat.
678 3230 733 3282 Ro
839 3231 983 3302 mugituri
1010 3234 1134 3287 videmur
1158 3245 1242 3308 atque

151 3319 211 3359 rm
231 3325 272 3370 ,η
345 3305 384 3354 sic
403 3318 464 3370 pop.
484 3300 563 3352 ABa
645 3301 684 3352 tie
703 3313 809 3370 etpop.
829 3301 886 3355 ΒΟ
998 3307 1023 3363 3.
1048 3316 1175 3376 pacatum
1200 3308 1242 3360 ba

152 3323 488 3448 deffihiklmnrstuv
505 3371 611 3440 anltn
647 3378 805 3438 paratumo
914 3372 938 3440 4.
960 3373 1001 3446 ut]
1023 3385 1109 3428 etue
1204 3397 1243 3432 ιι.

153 3446 395 3518 quum‘Aprstu
412 3460 463 3495 om.
485 3441 509 3494 Β
559 3449 616 3492 tum
641 3441 697 3494 lto
748 3442 863 3493 altorum
883 3459 898 3511 ρ
917 3446 966 3506 fita
985 3448 1075 3512 cani.)
1093 3461 1134 3498 ot
1178 3448 1244 3499 itto-

152 3535 214 3570 rum
236 3520 269 3568 Π
285 3515 345 3568 rell.
365 3512 425 3565 edat
536 3529 575 3565 ta.
595 3510 713 3585 proinde
730 3511 1245 3592 ABabdfghiitlmnopqrstuv

152 3588 233 3647 ψαξ
303 3585 418 3655 perinde
436 3584 459 3635 R
476 3582 553 3652 vulg.
663 3585 703 3650 ¹4·
723 3581 855 3633 iudicium
873 3585 958 3634 fuisse
978 3588 1034 3639 AB
1086 3589 1171 3638 fuisse
1187 3590 1244 3648 tud,

153 3660 209 3713 ΒΟ
318 3657 357 3707 ι5.
378 3655 562 3713 iudiciorum,
580 3669 651 3724 quae
669 3651 784 3722 probata
803 3670 859 3702 uon
876 3664 981 3716 essent,
1002 3657 1103 3726 disput
1126 3661 1244 3732 αιζκμ

153 3730 192 3790 r}
232 3725 279 3792 (t.
305 3727 324 3778 l.
342 3725 426 3777 verba
454 3724 524 3776 male
550 3725 660 3777 intrusa
677 3742 728 3776 om.
756 3741 820 3786 mo,
840 3743 897 3776 non
915 3729 1059 3796 superiora
1079 3729 1131 3780 itta
1150 3747 1171 3782 v
1201 3749 1243 3793 tt,

155 3795 231 3884 pund
246 3796 316 3849 dicit
334 3796 462 3848 Orellius.
487 3792 541 3848 Sed
549 3813 633 3868 quum
645 3795 746 3867 absque
764 3792 935 3865 dubitatione
953 3797 1039 3849 sitin
1055 3800 1133 3850 nullo
1151 3799 1242 3854 cod'ca

159 3884 233 3931 ma,
253 3869 284 3919 in
305 3864 350 3918 ed.
368 3867 460 3936 princ.
480 3882 575 3917 errore
597 3867 726 3937 repetita,
744 3865 887 3927 inueniri,
913 3868 982 3916 satis
1000 3881 1133 3938 apparet,
1153 3889 1243 3943 qtean·

155 3953 186 3992 ta
213 3938 385 4008 negligentia
412 3937 532 3988 varietas
553 3935 701 3988 lectionum
729 3936 926 3987 oxoniensium
956 3951 1069 3990 enotata
1096 3943 1150 3992 sit:
1180 3958 1241 3992 ιιιιιιι

156 4009 211 4062 duo
226 4009 251 4060 h.
271 4009 290 4058 l.
310 4025 361 4078 pro
380 4006 503 4058 amitibus
519 4006 650 4058 citantur.
787 4008 825 4058 ιδ.
845 4006 894 4059 itto
914 4015 994 4080 temp.
1019 4010 1074 4062 AB
1143 4013 1173 4064 in
1192 4011 1241 4065 itta

156 4079 312 4149 temp-130
