<?xml version="1.0" encoding="UTF-8"?>
<!DOCTYPE html PUBLIC "-//W3C//DTD XHTML 1.0 Transitional//EN"
    "http://www.w3.org/TR/xhtml1/DTD/xhtml1-transitional.dtd">
<html xmlns="http://www.w3.org/1999/xhtml" xml:lang="en" lang="en">
 <head>
  <title>
</title>
<meta http-equiv="Content-Type" content="text/html;charset=utf-8" />
  <meta name='ocr-system' content='tesseract 3.04.00' />
  <meta name='ocr-capabilities' content='ocr_page ocr_carea ocr_par ocr_line ocrx_word'/>
</head>
<body>
  <div class='ocr_page' id='page_1' title='image "./mtulliiciceroni00clasgoog_0201.png"; bbox 0 0 2736 4696; ppageno 0'>
   <div class='ocr_carea' id='block_1_1' title="bbox 153 270 925 383">
    <p class='ocr_par' dir='ltr' id='par_1_1' title="bbox 153 270 925 383">
     <span class='ocr_line' id='line_1_1' title="bbox 153 270 925 383; baseline 0.001 -48"><span class='ocrx_word' id='word_1_1' title='bbox 153 308 222 383; x_wconf 68' lang='lat'><strong>1„</strong></span> <span class='ocrx_word' id='word_1_2' title='bbox 582 270 839 338; x_wconf 70' lang='lat' dir='ltr'><strong>sororium</strong></span> <span class='ocrx_word' id='word_1_3' title='bbox 922 348 925 354; x_wconf 50' lang='grc'>,</span> 
     </span>
    </p>
   </div>
   <div class='ocr_carea' id='block_1_2' title="bbox 89 440 1241 972">
    <p class='ocr_par' dir='ltr' id='par_1_2' title="bbox 89 440 1241 972">
     <span class='ocr_line' id='line_1_2' title="bbox 230 440 1239 540; baseline -0.007 -22"><span class='ocrx_word' id='word_1_4' title='bbox 230 456 293 537; x_wconf 80' lang='lat'><strong>42,</strong></span> <span class='ocrx_word' id='word_1_5' title='bbox 324 455 355 520; x_wconf 88' lang='grc'><strong>8.</strong></span> <span class='ocrx_word' id='word_1_6' title='bbox 383 454 559 540; x_wconf 83' lang='lat' dir='ltr'><strong>consemire]</strong></span> <span class='ocrx_word' id='word_1_7' title='bbox 608 457 728 539; x_wconf 85' lang='lat' dir='ltr'><strong>Operae</strong></span> <span class='ocrx_word' id='word_1_8' title='bbox 748 440 880 540; x_wconf 80' lang='lat' dir='ltr'><strong>pretium</strong></span> <span class='ocrx_word' id='word_1_9' title='bbox 908 464 953 516; x_wconf 85' lang='lat' dir='ltr'><strong>est</strong></span> <span class='ocrx_word' id='word_1_10' title='bbox 981 451 1239 530; x_wconf 86' lang='lat' dir='ltr'><strong>animadvertere,</strong></span> 
     </span>
     <span class='ocr_line' id='line_1_3' title="bbox 89 558 1240 650; baseline -0.008 -22"><span class='ocrx_word' id='word_1_11' title='bbox 89 558 96 581; x_wconf 76' lang='lat'><strong>¹</strong></span> <span class='ocrx_word' id='word_1_12' title='bbox 149 577 226 650; x_wconf 89' lang='lat' dir='ltr'><strong>quot</strong></span> <span class='ocrx_word' id='word_1_13' title='bbox 247 567 397 632; x_wconf 88' lang='lat' dir='ltr'><strong>librorum</strong></span> <span class='ocrx_word' id='word_1_14' title='bbox 418 566 597 626; x_wconf 87' lang='lat' dir='ltr'><strong>auctoritate</strong></span> <span class='ocrx_word' id='word_1_15' title='bbox 617 564 799 626; x_wconf 81' lang='lat' dir='ltr'><strong>certissimae</strong></span> <span class='ocrx_word' id='word_1_16' title='bbox 833 583 921 644; x_wconf 85' lang='lat' dir='ltr'><strong>saepe</strong></span> <span class='ocrx_word' id='word_1_17' title='bbox 940 563 1107 646; x_wconf 84' lang='lat' dir='ltr'><strong>scripturae</strong></span> <span class='ocrx_word' id='word_1_18' title='bbox 1137 561 1240 620; x_wconf 87' lang='lat' dir='ltr'><strong>nitan-</strong></span> 
     </span>
     <span class='ocr_line' id='line_1_4' title="bbox 147 666 1241 739; baseline -0.009 -4"><span class='ocrx_word' id='word_1_19' title='bbox 147 685 219 736; x_wconf 85' lang='lat' dir='ltr'><strong>tur:</strong></span> <span class='ocrx_word' id='word_1_20' title='bbox 255 696 327 734; x_wconf 90' lang='lat' dir='ltr'><strong>nam</strong></span> <span class='ocrx_word' id='word_1_21' title='bbox 358 673 390 739; x_wconf 90' lang='lat' dir='ltr'><strong>h.</strong></span> <span class='ocrx_word' id='word_1_22' title='bbox 412 672 435 732; x_wconf 89' lang='lat' dir='ltr'><strong>l.</strong></span> <span class='ocrx_word' id='word_1_23' title='bbox 457 674 537 733; x_wconf 90' lang='lat' dir='ltr'><strong>inter</strong></span> <span class='ocrx_word' id='word_1_24' title='bbox 557 673 655 734; x_wconf 85' lang='lat' dir='ltr'><strong>omnis</strong></span> <span class='ocrx_word' id='word_1_25' title='bbox 682 682 802 731; x_wconf 90' lang='lat' dir='ltr'><strong>nostros</strong></span> <span class='ocrx_word' id='word_1_26' title='bbox 834 682 863 731; x_wconf 90' lang='lat' dir='ltr'><strong>et</strong></span> <span class='ocrx_word' id='word_1_27' title='bbox 896 671 1075 729; x_wconf 83' lang='lat' dir='ltr'><strong>Oxoniensis</strong></span> <span class='ocrx_word' id='word_1_28' title='bbox 1102 666 1131 728; x_wconf 90' lang='lat' dir='ltr'><strong>A</strong></span> <span class='ocrx_word' id='word_1_29' title='bbox 1154 677 1187 727; x_wconf 89' lang='lat' dir='ltr'><strong>et</strong></span> <span class='ocrx_word' id='word_1_30' title='bbox 1214 667 1241 726; x_wconf 91' lang='lat' dir='ltr'><strong>B</strong></span> 
     </span>
     <span class='ocr_line' id='line_1_5' title="bbox 147 773 1241 861; baseline -0.009 -18"><span class='ocrx_word' id='word_1_31' title='bbox 147 781 203 843; x_wconf 87' lang='lat' dir='ltr'><strong>soli</strong></span> <span class='ocrx_word' id='word_1_32' title='bbox 233 803 338 843; x_wconf 89' lang='lat' dir='ltr'><strong>veram</strong></span> <span class='ocrx_word' id='word_1_33' title='bbox 357 781 443 842; x_wconf 88' lang='lat' dir='ltr'><strong>verbi</strong></span> <span class='ocrx_word' id='word_1_34' title='bbox 471 780 602 840; x_wconf 82' lang='lat' dir='ltr'><strong>formam</strong></span> <span class='ocrx_word' id='word_1_35' title='bbox 629 789 780 841; x_wconf 83' lang='lat' dir='ltr'><strong>tuentur:</strong></span> <span class='ocrx_word' id='word_1_36' title='bbox 809 776 918 861; x_wconf 83' lang='lat' dir='ltr'><strong>reliqui</strong></span> <span class='ocrx_word' id='word_1_37' title='bbox 944 798 1048 840; x_wconf 88' lang='lat' dir='ltr'><strong>omnes</strong></span> <span class='ocrx_word' id='word_1_38' title='bbox 1067 777 1153 839; x_wconf 78' lang='lat' dir='ltr'><strong>varie</strong></span> <span class='ocrx_word' id='word_1_39' title='bbox 1174 773 1241 834; x_wconf 88' lang='lat' dir='ltr'><strong>dis·</strong></span> 
     </span>
     <span class='ocr_line' id='line_1_6' title="bbox 146 899 755 972; baseline -0.013 -23"><span class='ocrx_word' id='word_1_40' title='bbox 146 899 285 972; x_wconf 85' lang='lat' dir='ltr'><strong>crepant.</strong></span> <span class='ocrx_word' id='word_1_41' title='bbox 742 919 755 964; x_wconf 51' lang='lat'><strong><em>4</em></strong></span> 
     </span>
    </p>
   </div>
   <div class='ocr_carea' id='block_1_3' title="bbox 66 1012 1247 2395">
    <p class='ocr_par' dir='ltr' id='par_1_3' title="bbox 66 1012 1247 2070">
     <span class='ocr_line' id='line_1_7' title="bbox 150 1012 1240 1114; baseline -0.01 -23"><span class='ocrx_word' id='word_1_42' title='bbox 150 1014 153 1019; x_wconf 35' lang='grc'>’</span> <span class='ocrx_word' id='word_1_43' title='bbox 228 1027 296 1112; x_wconf 77' lang='grc'><strong>45,</strong></span> <span class='ocrx_word' id='word_1_44' title='bbox 321 1050 367 1112; x_wconf 88' lang='lat'><strong>19.</strong></span> <span class='ocrx_word' id='word_1_45' title='bbox 392 1029 429 1096; x_wconf 88' lang='lat' dir='ltr'><strong>T.</strong></span> <span class='ocrx_word' id='word_1_46' title='bbox 449 1027 545 1114; x_wconf 70' lang='lat' dir='ltr'><strong>Acci]</strong></span> <span class='ocrx_word' id='word_1_47' title='bbox 588 1028 680 1110; x_wconf 88' lang='lat' dir='ltr'><strong>Quod</strong></span> <span class='ocrx_word' id='word_1_48' title='bbox 698 1012 824 1114; x_wconf 64' lang='lat' dir='ltr'><strong>ubique</strong></span> <span class='ocrx_word' id='word_1_49' title='bbox 842 1027 877 1088; x_wconf 84' lang='lat' dir='ltr'><strong>fit</strong></span> <span class='ocrx_word' id='word_1_50' title='bbox 902 1027 935 1086; x_wconf 92' lang='lat' dir='ltr'><strong>in</strong></span> <span class='ocrx_word' id='word_1_51' title='bbox 955 1020 1112 1100; x_wconf 64' lang='lat' dir='ltr'><strong>feiu&#39;smodi</strong></span> <span class='ocrx_word' id='word_1_52' title='bbox 1136 1018 1240 1081; x_wconf 91' lang='lat' dir='ltr'><strong>nomi-</strong></span> 
     </span>
     <span class='ocr_line' id='line_1_8' title="bbox 145 1129 1239 1219; baseline -0.006 -20"><span class='ocrx_word' id='word_1_53' title='bbox 145 1135 248 1216; x_wconf 79' lang='lat' dir='ltr'><strong>nibus,</strong></span> <span class='ocrx_word' id='word_1_54' title='bbox 271 1137 363 1200; x_wconf 89' lang='lat' dir='ltr'><strong>etiam</strong></span> <span class='ocrx_word' id='word_1_55' title='bbox 383 1134 415 1197; x_wconf 89' lang='lat' dir='ltr'><strong>h.</strong></span> <span class='ocrx_word' id='word_1_56' title='bbox 435 1135 459 1196; x_wconf 94' lang='lat' dir='ltr'><strong>l.</strong></span> <span class='ocrx_word' id='word_1_57' title='bbox 482 1147 628 1219; x_wconf 85' lang='lat' dir='ltr'><strong>apparet:</strong></span> <span class='ocrx_word' id='word_1_58' title='bbox 652 1134 723 1196; x_wconf 85' lang='lat' dir='ltr'>libri</span> <span class='ocrx_word' id='word_1_59' title='bbox 744 1135 846 1218; x_wconf 89' lang='lat' dir='ltr'><strong>scripti</strong></span> <span class='ocrx_word' id='word_1_60' title='bbox 867 1129 1014 1193; x_wconf 88' lang='lat' dir='ltr'><strong>fluctuant</strong></span> <span class='ocrx_word' id='word_1_61' title='bbox 1034 1132 1116 1191; x_wconf 91' lang='lat' dir='ltr'><strong>inter</strong></span> <span class='ocrx_word' id='word_1_62' title='bbox 1133 1131 1239 1192; x_wconf 85' lang='lat' dir='ltr'><strong>varias</strong></span> 
     </span>
     <span class='ocr_line' id='line_1_9' title="bbox 145 1231 1247 1325; baseline -0.009 -19"><span class='ocrx_word' id='word_1_63' title='bbox 145 1245 284 1310; x_wconf 78' lang='lat' dir='ltr'><strong>formas:</strong></span> <span class='ocrx_word' id='word_1_64' title='bbox 317 1242 429 1323; x_wconf 77' lang='lat' dir='ltr'><strong>Attius,</strong></span> <span class='ocrx_word' id='word_1_65' title='bbox 456 1242 579 1318; x_wconf 80' lang='lat' dir='ltr'><strong>Actius,</strong></span> <span class='ocrx_word' id='word_1_66' title='bbox 603 1241 732 1304; x_wconf 79' lang='lat' dir='ltr'><strong>Accius:</strong></span> <span class='ocrx_word' id='word_1_67' title='bbox 763 1262 799 1303; x_wconf 88' lang='lat' dir='ltr'><strong>ex</strong></span> <span class='ocrx_word' id='word_1_68' title='bbox 826 1242 936 1325; x_wconf 87' lang='lat' dir='ltr'><strong>quibus</strong></span> <span class='ocrx_word' id='word_1_69' title='bbox 969 1239 1102 1300; x_wconf 88' lang='lat' dir='ltr'><strong>mediam</strong></span> <span class='ocrx_word' id='word_1_70' title='bbox 1120 1231 1247 1298; x_wconf 87' lang='lat' dir='ltr'><strong>nullius·</strong></span> 
     </span>
     <span class='ocr_line' id='line_1_10' title="bbox 144 1344 1243 1435; baseline -0.005 -23"><span class='ocrx_word' id='word_1_71' title='bbox 144 1353 403 1435; x_wconf 66' lang='lat' dir='ltr'><strong>gentisliomanae</strong></span> <span class='ocrx_word' id='word_1_72' title='bbox 414 1373 477 1412; x_wconf 89' lang='lat' dir='ltr'><strong>esse</strong></span> <span class='ocrx_word' id='word_1_73' title='bbox 491 1353 552 1411; x_wconf 89' lang='lat' dir='ltr'><strong>iarn</strong></span> <span class='ocrx_word' id='word_1_74' title='bbox 565 1363 696 1413; x_wconf 87' lang='lat' dir='ltr'><strong>constat:</strong></span> <span class='ocrx_word' id='word_1_75' title='bbox 719 1362 791 1412; x_wconf 89' lang='lat' dir='ltr'><strong>sunt</strong></span> <span class='ocrx_word' id='word_1_76' title='bbox 812 1351 903 1430; x_wconf 85' lang='lat' dir='ltr'><strong>Attii,</strong></span> <span class='ocrx_word' id='word_1_77' title='bbox 915 1348 1004 1410; x_wconf 87' lang='lat' dir='ltr'><strong>Accii</strong></span> <span class='ocrx_word' id='word_1_78' title='bbox 1014 1344 1045 1410; x_wconf 88' lang='lat' dir='ltr'><strong>et</strong></span> <span class='ocrx_word' id='word_1_79' title='bbox 1060 1347 1139 1425; x_wconf 81' lang='lat' dir='ltr'><strong>Atii,</strong></span> <span class='ocrx_word' id='word_1_80' title='bbox 1153 1346 1243 1408; x_wconf 75' lang='lat' dir='ltr'><strong>Accii</strong></span> 
     </span>
     <span class='ocr_line' id='line_1_11' title="bbox 143 1456 1234 1545; baseline -0.003 -29"><span class='ocrx_word' id='word_1_81' title='bbox 143 1457 232 1545; x_wconf 86' lang='lat' dir='ltr'><strong>nulli.</strong></span> <span class='ocrx_word' id='word_1_82' title='bbox 259 1460 363 1536; x_wconf 87' lang='lat' dir='ltr'><strong>Quum</strong></span> <span class='ocrx_word' id='word_1_83' title='bbox 384 1470 486 1521; x_wconf 87' lang='lat' dir='ltr'><strong>autem</strong></span> <span class='ocrx_word' id='word_1_84' title='bbox 506 1469 658 1520; x_wconf 86' lang='lat' dir='ltr'><strong>oratorem</strong></span> <span class='ocrx_word' id='word_1_85' title='bbox 677 1469 836 1536; x_wconf 87' lang='lat' dir='ltr'><strong>nostrum,</strong></span> <span class='ocrx_word' id='word_1_86' title='bbox 858 1456 992 1518; x_wconf 85' lang='lat' dir='ltr'><strong>Cluentii</strong></span> <span class='ocrx_word' id='word_1_87' title='bbox 1015 1474 1234 1538; x_wconf 81' lang='lat' dir='ltr'><strong>aggressorem,</strong></span> 
     </span>
     <span class='ocr_line' id='line_1_12' title="bbox 143 1562 1236 1647; baseline -0.004 -21"><span class='ocrx_word' id='word_1_88' title='bbox 143 1564 355 1626; x_wconf 87' lang='lat' dir='ltr'><strong>Pisaurensem</strong></span> <span class='ocrx_word' id='word_1_89' title='bbox 376 1563 456 1626; x_wconf 85' lang='lat' dir='ltr'><strong>dicat</strong></span> <span class='ocrx_word' id='word_1_90' title='bbox 477 1564 585 1626; x_wconf 86' lang='lat' dir='ltr'><strong>Cicero</strong></span> <span class='ocrx_word' id='word_1_91' title='bbox 604 1566 694 1627; x_wconf 86' lang='lat' dir='ltr'><strong>Brut.</strong></span> <span class='ocrx_word' id='word_1_92' title='bbox 717 1586 745 1626; x_wconf 91' lang='lat' dir='ltr'><strong>c.</strong></span> <span class='ocrx_word' id='word_1_93' title='bbox 767 1563 835 1647; x_wconf 58' lang='lat'><strong>78„</strong></span> <span class='ocrx_word' id='word_1_94' title='bbox 857 1584 893 1624; x_wconf 88' lang='lat' dir='ltr'><strong>ex</strong></span> <span class='ocrx_word' id='word_1_95' title='bbox 914 1562 1146 1626; x_wconf 88' lang='lat' dir='ltr'><strong>Pisaurensibus</strong></span> <span class='ocrx_word' id='word_1_96' title='bbox 1167 1583 1236 1622; x_wconf 90' lang='lat' dir='ltr'><strong>mo-</strong></span> 
     </span>
     <span class='ocr_line' id='line_1_13' title="bbox 143 1668 1236 1757; baseline 0.002 -29"><span class='ocrx_word' id='word_1_97' title='bbox 143 1669 310 1757; x_wconf 87' lang='lat' dir='ltr'><strong>numentis,</strong></span> <span class='ocrx_word' id='word_1_98' title='bbox 346 1690 424 1754; x_wconf 87' lang='lat' dir='ltr'><strong>quae</strong></span> <span class='ocrx_word' id='word_1_99' title='bbox 444 1668 565 1754; x_wconf 84' lang='lat' dir='ltr'><strong>collegit</strong></span> <span class='ocrx_word' id='word_1_100' title='bbox 594 1669 760 1746; x_wconf 80' lang='lat' dir='ltr'><strong>oliverius,</strong></span> <span class='ocrx_word' id='word_1_101' title='bbox 797 1671 865 1730; x_wconf 87' lang='lat' dir='ltr'><strong>iure</strong></span> <span class='ocrx_word' id='word_1_102' title='bbox 898 1670 1012 1754; x_wconf 89' lang='lat' dir='ltr'><strong>aliquid</strong></span> <span class='ocrx_word' id='word_1_103' title='bbox 1044 1671 1236 1730; x_wconf 82' lang='lat' dir='ltr'><strong>auctoritatis</strong></span> 
     </span>
     <span class='ocr_line' id='line_1_14' title="bbox 143 1775 1235 1860; baseline 0 -24"><span class='ocrx_word' id='word_1_104' title='bbox 143 1779 293 1860; x_wconf 84' lang='lat' dir='ltr'><strong>quaesivit</strong></span> <span class='ocrx_word' id='word_1_105' title='bbox 316 1777 519 1838; x_wconf 77' lang='lat' dir='ltr'><strong>Garatoniusr</strong></span> <span class='ocrx_word' id='word_1_106' title='bbox 541 1778 688 1860; x_wconf 86' lang='lat' dir='ltr'><strong>praebent</strong></span> <span class='ocrx_word' id='word_1_107' title='bbox 716 1788 746 1838; x_wconf 90' lang='lat' dir='ltr'><strong>et</strong></span> <span class='ocrx_word' id='word_1_108' title='bbox 769 1775 844 1837; x_wconf 90' lang='lat' dir='ltr'><strong>haec</strong></span> <span class='ocrx_word' id='word_1_109' title='bbox 873 1777 999 1837; x_wconf 88' lang='lat' dir='ltr'><strong>eandem</strong></span> <span class='ocrx_word' id='word_1_110' title='bbox 1020 1777 1083 1838; x_wconf 91' lang='lat' dir='ltr'><strong>sere</strong></span> <span class='ocrx_word' id='word_1_111' title='bbox 1103 1777 1235 1839; x_wconf 86' lang='lat' dir='ltr'><strong>varieta-</strong></span> 
     </span>
     <span class='ocr_line' id='line_1_15' title="bbox 142 1872 1235 1966; baseline 0 -23"><span class='ocrx_word' id='word_1_112' title='bbox 142 1893 229 1960; x_wconf 87' lang='lat' dir='ltr'><strong>tem;</strong></span> <span class='ocrx_word' id='word_1_113' title='bbox 265 1881 392 1966; x_wconf 87' lang='lat' dir='ltr'><strong>probavi</strong></span> <span class='ocrx_word' id='word_1_114' title='bbox 412 1894 515 1944; x_wconf 88' lang='lat' dir='ltr'><strong>tamen</strong></span> <span class='ocrx_word' id='word_1_115' title='bbox 544 1884 655 1965; x_wconf 82' lang='lat' dir='ltr'><strong>egregii</strong></span> <span class='ocrx_word' id='word_1_116' title='bbox 685 1885 744 1946; x_wconf 84' lang='lat' dir='ltr'><strong>viri</strong></span> <span class='ocrx_word' id='word_1_117' title='bbox 777 1882 942 1958; x_wconf 88' lang='lat' dir='ltr'><strong>iudicium,</strong></span> <span class='ocrx_word' id='word_1_118' title='bbox 967 1872 1037 1965; x_wconf 61' lang='lat' dir='ltr'><strong>‘qui</strong></span> <span class='ocrx_word' id='word_1_119' title='bbox 1063 1883 1235 1965; x_wconf 88' lang='lat' dir='ltr'><strong>plurimum</strong></span> 
     </span>
     <span class='ocr_line' id='line_1_16' title="bbox 66 1970 1236 2070; baseline 0.001 -21"><span class='ocrx_word' id='word_1_120' title='bbox 66 1999 70 2007; x_wconf 78' lang='grc'><em>“</em></span> <span class='ocrx_word' id='word_1_121' title='bbox 120 1970 250 2050; x_wconf 64' lang='lat' dir='ltr'><strong>xtribuit</strong></span> <span class='ocrx_word' id='word_1_122' title='bbox 279 1988 372 2070; x_wconf 89' lang='lat' dir='ltr'><strong>lapidi</strong></span> <span class='ocrx_word' id='word_1_123' title='bbox 401 1989 453 2048; x_wconf 88' lang='lat' dir='ltr'><strong>uni</strong></span> <span class='ocrx_word' id='word_1_124' title='bbox 488 2009 521 2048; x_wconf 94' lang='lat' dir='ltr'><strong>n.</strong></span> <span class='ocrx_word' id='word_1_125' title='bbox 555 1987 696 2066; x_wconf 86' lang='lat' dir='ltr'>CXXXI,</span> <span class='ocrx_word' id='word_1_126' title='bbox 717 1990 830 2070; x_wconf 92' lang='lat' dir='ltr'><strong>inquo</strong></span> <span class='ocrx_word' id='word_1_127' title='bbox 851 1998 954 2048; x_wconf 92' lang='lat' dir='ltr'><strong>noster</strong></span> <span class='ocrx_word' id='word_1_128' title='bbox 975 1988 1039 2069; x_wconf 90' lang='lat' dir='ltr'><strong>ipse</strong></span> <span class='ocrx_word' id='word_1_129' title='bbox 1061 1989 1104 2048; x_wconf 89' lang='lat' dir='ltr'><strong>sic</strong></span> <span class='ocrx_word' id='word_1_130' title='bbox 1125 1990 1236 2050; x_wconf 63' lang='lat' dir='ltr'><strong>inseri·</strong></span> 
     </span>
    </p>

    <p class='ocr_par' dir='ltr' id='par_1_4' title="bbox 79 2094 1232 2395">
     <span class='ocr_line' id='line_1_17' title="bbox 141 2094 1232 2180; baseline 0.001 -24"><span class='ocrx_word' id='word_1_131' title='bbox 141 2107 214 2180; x_wconf 89' lang='lat' dir='ltr'><strong>ptus</strong></span> <span class='ocrx_word' id='word_1_132' title='bbox 235 2117 297 2156; x_wconf 90' lang='lat' dir='ltr'><strong>esse</strong></span> <span class='ocrx_word' id='word_1_133' title='bbox 317 2095 456 2157; x_wconf 86' lang='lat' dir='ltr'><strong>videtur:</strong></span> <span class='ocrx_word' id='word_1_134' title='bbox 483 2096 521 2156; x_wconf 88' lang='lat' dir='ltr'><strong>T.</strong></span> <span class='ocrx_word' id='word_1_135' title='bbox 540 2094 629 2156; x_wconf 84' lang='lat' dir='ltr'><strong>Accii</strong></span> <span class='ocrx_word' id='word_1_136' title='bbox 650 2095 773 2156; x_wconf 82' lang='lat' dir='ltr'><strong>Pisaur.</strong></span> <span class='ocrx_word' id='word_1_137' title='bbox 794 2099 913 2157; x_wconf 82' lang='lat' dir='ltr'><strong>eineres.</strong></span> <span class='ocrx_word' id='word_1_138' title='bbox 965 2095 1057 2157; x_wconf 81' lang='lat' dir='ltr'><strong>Ce&#39;rt&#39;e</strong></span> <span class='ocrx_word' id='word_1_139' title='bbox 1077 2095 1155 2157; x_wconf 82' lang='lat' dir='ltr'><strong>nihil</strong></span> <span class='ocrx_word' id='word_1_140' title='bbox 1178 2118 1232 2180; x_wconf 84' lang='lat' dir='ltr'><strong>ego</strong></span> 
     </span>
     <span class='ocr_line' id='line_1_18' title="bbox 79 2183 1231 2289; baseline 0.001 -24"><span class='ocrx_word' id='word_1_141' title='bbox 79 2183 82 2189; x_wconf 65' lang='lat'>‚</span> <span class='ocrx_word' id='word_1_142' title='bbox 142 2203 378 2283; x_wconf 86' lang='lat' dir='ltr'><strong>affirmaverim,</strong></span> <span class='ocrx_word' id='word_1_143' title='bbox 401 2203 452 2266; x_wconf 92' lang='lat' dir='ltr'><strong>sed</strong></span> <span class='ocrx_word' id='word_1_144' title='bbox 473 2205 506 2264; x_wconf 89' lang='lat' dir='ltr'><strong>in</strong></span> <span class='ocrx_word' id='word_1_145' title='bbox 526 2225 561 2265; x_wconf 91' lang='lat' dir='ltr'><strong>re</strong></span> <span class='ocrx_word' id='word_1_146' title='bbox 579 2225 704 2289; x_wconf 87' lang='lat' dir='ltr'><strong>prorsus</strong></span> <span class='ocrx_word' id='word_1_147' title='bbox 724 2203 817 2265; x_wconf 88' lang='lat' dir='ltr'><strong>dubia</strong></span> <span class='ocrx_word' id='word_1_148' title='bbox 838 2203 972 2287; x_wconf 88' lang='lat' dir='ltr'><strong>aliquam</strong></span> <span class='ocrx_word' id='word_1_149' title='bbox 1000 2205 1138 2269; x_wconf 87' lang='lat' dir='ltr'><strong>veritatis</strong></span> <span class='ocrx_word' id='word_1_150' title='bbox 1166 2225 1231 2287; x_wconf 84' lang='lat' dir='ltr'><strong>spe-</strong></span> 
     </span>
     <span class='ocr_line' id='line_1_19' title="bbox 141 2311 593 2395; baseline -0.002 -22"><span class='ocrx_word' id='word_1_151' title='bbox 141 2312 220 2373; x_wconf 86' lang='lat' dir='ltr'><strong>eiem</strong></span> <span class='ocrx_word' id='word_1_152' title='bbox 241 2315 325 2395; x_wconf 89' lang='lat' dir='ltr'><strong>sequi</strong></span> <span class='ocrx_word' id='word_1_153' title='bbox 348 2311 516 2372; x_wconf 91' lang='lat' dir='ltr'><strong>iucundum</strong></span> <span class='ocrx_word' id='word_1_154' title='bbox 537 2323 593 2372; x_wconf 87' lang='lat' dir='ltr'><strong>est.</strong></span> 
     </span>
    </p>
   </div>
   <div class='ocr_carea' id='block_1_4' title="bbox 99 2449 1229 2965">
    <p class='ocr_par' dir='ltr' id='par_1_5' title="bbox 99 2449 1229 2965">
     <span class='ocr_line' id='line_1_20' title="bbox 223 2449 1229 2537; baseline 0.006 -25"><span class='ocrx_word' id='word_1_155' title='bbox 223 2449 285 2532; x_wconf 94' lang='lat'><strong>44,</strong></span> <span class='ocrx_word' id='word_1_156' title='bbox 308 2449 339 2532; x_wconf 88' lang='grc'><strong>4.</strong></span> <span class='ocrx_word' id='word_1_157' title='bbox 358 2474 418 2536; x_wconf 86' lang='lat' dir='ltr'><strong>per</strong></span> <span class='ocrx_word' id='word_1_158' title='bbox 435 2449 627 2537; x_wconf 72' lang='lat' dir='ltr'><strong>Fabricium]</strong></span> <span class='ocrx_word' id='word_1_159' title='bbox 669 2451 806 2512; x_wconf 88' lang='lat' dir='ltr'><strong>Praetuli</strong></span> <span class='ocrx_word' id='word_1_160' title='bbox 827 2452 907 2513; x_wconf 86' lang='lat' dir='ltr'><strong>hanc</strong></span> <span class='ocrx_word' id='word_1_161' title='bbox 928 2456 1115 2537; x_wconf 82' lang='lat' dir='ltr'><strong>optimorum</strong></span> <span class='ocrx_word' id='word_1_162' title='bbox 1144 2454 1229 2520; x_wconf 88' lang='lat' dir='ltr'><strong>codd.</strong></span> 
     </span>
     <span class='ocr_line' id='line_1_21' title="bbox 140 2559 1226 2646; baseline 0 -23"><span class='ocrx_word' id='word_1_163' title='bbox 140 2560 323 2642; x_wconf 81' lang='lat' dir='ltr'><strong>scripturam</strong></span> <span class='ocrx_word' id='word_1_164' title='bbox 350 2559 473 2644; x_wconf 84' lang='lat' dir='ltr'><strong>vulgato</strong></span> <span class='ocrx_word' id='word_1_165' title='bbox 494 2559 606 2644; x_wconf 84' lang='lat' dir='ltr'><strong>plurali</strong></span> <span class='ocrx_word' id='word_1_166' title='bbox 632 2581 692 2645; x_wconf 88' lang='lat' dir='ltr'><strong>per</strong></span> <span class='ocrx_word' id='word_1_167' title='bbox 710 2561 885 2625; x_wconf 71' lang='lat' dir='ltr'><strong>Fabricios.-</strong></span> <span class='ocrx_word' id='word_1_168' title='bbox 919 2583 991 2622; x_wconf 90' lang='lat' dir='ltr'><strong>nam</strong></span> <span class='ocrx_word' id='word_1_169' title='bbox 1019 2583 1081 2645; x_wconf 91' lang='lat' dir='ltr'><strong>quo</strong></span> <span class='ocrx_word' id='word_1_170' title='bbox 1112 2565 1226 2646; x_wconf 85' lang='lat' dir='ltr'><strong>saepius</strong></span> 
     </span>
     <span class='ocr_line' id='line_1_22' title="bbox 139 2650 1228 2732; baseline 0 -2"><span class='ocrx_word' id='word_1_171' title='bbox 139 2669 347 2732; x_wconf 86' lang='lat' dir='ltr'><strong>C.·Fabricius</strong></span> <span class='ocrx_word' id='word_1_172' title='bbox 368 2680 399 2732; x_wconf 90' lang='lat' dir='ltr'><strong>et</strong></span> <span class='ocrx_word' id='word_1_173' title='bbox 420 2671 483 2729; x_wconf 89' lang='lat' dir='ltr'><strong>eius</strong></span> <span class='ocrx_word' id='word_1_174' title='bbox 503 2667 630 2732; x_wconf 82' lang='lat' dir='ltr'><strong>libertus</strong></span> <span class='ocrx_word' id='word_1_175' title='bbox 665 2669 849 2732; x_wconf 86' lang='lat' dir='ltr'><strong>Scamander</strong></span> <span class='ocrx_word' id='word_1_176' title='bbox 878 2671 1020 2732; x_wconf 81' lang='lat' dir='ltr'><strong>Fabricii</strong></span> <span class='ocrx_word' id='word_1_177' title='bbox 1038 2691 1057 2729; x_wconf 86' lang='lat' dir='ltr'><strong>a</strong></span> <span class='ocrx_word' id='word_1_178' title='bbox 1087 2650 1228 2730; x_wconf 86' lang='lat' dir='ltr'><strong>Cicerone</strong></span> 
     </span>
     <span class='ocr_line' id='line_1_23' title="bbox 99 2763 1227 2862; baseline 0.003 -25"><span class='ocrx_word' id='word_1_179' title='bbox 99 2808 101 2813; x_wconf 83' lang='lat'><strong>.</strong></span> <span class='ocrx_word' id='word_1_180' title='bbox 140 2776 284 2859; x_wconf 87' lang='lat' dir='ltr'><strong>appellati</strong></span> <span class='ocrx_word' id='word_1_181' title='bbox 303 2788 374 2838; x_wconf 87' lang='lat' dir='ltr'><strong>sunt</strong></span> <span class='ocrx_word' id='word_1_182' title='bbox 397 2800 425 2838; x_wconf 88' lang='lat' dir='ltr'><strong>c.</strong></span> <span class='ocrx_word' id='word_1_183' title='bbox 447 2797 486 2838; x_wconf 82' lang='lat'><strong>22</strong></span> <span class='ocrx_word' id='word_1_184' title='bbox 495 2824 507 2857; x_wconf 90' lang='lat'>‚</span> <span class='ocrx_word' id='word_1_185' title='bbox 528 2774 578 2860; x_wconf 80' lang='lat'><strong>59.</strong></span> <span class='ocrx_word' id='word_1_186' title='bbox 598 2777 663 2856; x_wconf 80' lang='lat'><strong>60,</strong></span> <span class='ocrx_word' id='word_1_187' title='bbox 676 2797 713 2839; x_wconf 94' lang='lat' dir='ltr'><strong>eo</strong></span> <span class='ocrx_word' id='word_1_188' title='bbox 733 2779 834 2840; x_wconf 90' lang='lat' dir='ltr'><strong>minus</strong></span> <span class='ocrx_word' id='word_1_189' title='bbox 855 2763 993 2862; x_wconf 82' lang='lat' dir='ltr'><strong>suspecta</strong></span> <span class='ocrx_word' id='word_1_190' title='bbox 1014 2776 1113 2847; x_wconf 86' lang='lat' dir='ltr'><strong>esth.</strong></span> <span class='ocrx_word' id='word_1_191' title='bbox 1133 2778 1157 2839; x_wconf 89' lang='lat' dir='ltr'><strong>l.</strong></span> <span class='ocrx_word' id='word_1_192' title='bbox 1180 2799 1227 2840; x_wconf 84' lang='lat' dir='ltr'><strong>uc·</strong></span> 
     </span>
     <span class='ocr_line' id='line_1_24' title="bbox 139 2869 1057 2965; baseline 0.003 -20"><span class='ocrx_word' id='word_1_193' title='bbox 139 2885 275 2965; x_wconf 83' lang='lat' dir='ltr'><strong>curatior</strong></span> <span class='ocrx_word' id='word_1_194' title='bbox 296 2884 416 2946; x_wconf 86' lang='lat' dir='ltr'><strong>dicendi</strong></span> <span class='ocrx_word' id='word_1_195' title='bbox 436 2888 525 2955; x_wconf 83' lang='lat' dir='ltr'><strong>ratio.</strong></span> <span class='ocrx_word' id='word_1_196' title='bbox 1018 2892 1023 2899; x_wconf 89' lang='lat'>&#39;</span> <span class='ocrx_word' id='word_1_197' title='bbox 1052 2869 1057 2877; x_wconf 49' lang='grc'><strong><em>’</em></strong></span> 
     </span>
    </p>
   </div>
   <div class='ocr_carea' id='block_1_5' title="bbox 74 3010 1229 4151">
    <p class='ocr_par' dir='ltr' id='par_1_6' title="bbox 74 3010 1229 4151">
     <span class='ocr_line' id='line_1_25' title="bbox 224 3010 1224 3098; baseline 0.006 -26"><span class='ocrx_word' id='word_1_198' title='bbox 224 3011 256 3072; x_wconf 85' lang='grc'><strong>5.</strong></span> <span class='ocrx_word' id='word_1_199' title='bbox 277 3026 378 3078; x_wconf 63' lang='lat' dir='ltr'><strong>exstat</strong></span> <span class='ocrx_word' id='word_1_200' title='bbox 397 3010 551 3094; x_wconf 83' lang='lat' dir='ltr'><strong>memoria]</strong></span> <span class='ocrx_word' id='word_1_201' title='bbox 590 3013 628 3074; x_wconf 93' lang='lat' dir='ltr'><strong>In</strong></span> <span class='ocrx_word' id='word_1_202' title='bbox 642 3011 802 3097; x_wconf 64' lang='lat' dir='ltr'><strong>{plerisque</strong></span> <span class='ocrx_word' id='word_1_203' title='bbox 826 3014 915 3081; x_wconf 87' lang='lat' dir='ltr'><strong>Mss.</strong></span> <span class='ocrx_word' id='word_1_204' title='bbox 941 3014 1067 3098; x_wconf 74' lang='lat' dir='ltr'><strong>pluralis</strong></span> <span class='ocrx_word' id='word_1_205' title='bbox 1092 3014 1224 3098; x_wconf 81' lang='lat' dir='ltr'><strong>legitur:</strong></span> 
     </span>
     <span class='ocr_line' id='line_1_26' title="bbox 138 3119 1229 3203; baseline 0.005 -23"><span class='ocrx_word' id='word_1_206' title='bbox 138 3129 261 3180; x_wconf 69' lang='lat' dir='ltr'><strong>exitam</strong></span> <span class='ocrx_word' id='word_1_207' title='bbox 281 3123 461 3183; x_wconf 68' lang='lat' dir='ltr'><strong>memoriae.-</strong></span> <span class='ocrx_word' id='word_1_208' title='bbox 476 3121 536 3182; x_wconf 73' lang='lat' dir='ltr'><strong>‚secl</strong></span> <span class='ocrx_word' id='word_1_209' title='bbox 555 3119 607 3185; x_wconf 90' lang='lat' dir='ltr'><strong>ille</strong></span> <span class='ocrx_word' id='word_1_210' title='bbox 620 3120 741 3182; x_wconf 90' lang='lat' dir='ltr'><strong>dicendi</strong></span> <span class='ocrx_word' id='word_1_211' title='bbox 763 3142 848 3202; x_wconf 89' lang='lat' dir='ltr'><strong>usus,</strong></span> <span class='ocrx_word' id='word_1_212' title='bbox 870 3144 933 3203; x_wconf 91' lang='lat' dir='ltr'><strong>quo</strong></span> <span class='ocrx_word' id='word_1_213' title='bbox 954 3125 1119 3188; x_wconf 74' lang='lat' dir='ltr'><strong>aremorica</strong></span> <span class='ocrx_word' id='word_1_214' title='bbox 1137 3124 1229 3187; x_wconf 85' lang='lat' dir='ltr'><strong>libros</strong></span> 
     </span>
     <span class='ocr_line' id='line_1_27' title="bbox 116 3225 1228 3311; baseline 0.006 -26"><span class='ocrx_word' id='word_1_215' title='bbox 116 3225 326 3305; x_wconf 75' lang='lat' dir='ltr'><strong>significant,</strong></span> <span class='ocrx_word' id='word_1_216' title='bbox 356 3227 484 3309; x_wconf 68' lang='lat' dir='ltr'><strong>{quibus</strong></span> <span class='ocrx_word' id='word_1_217' title='bbox 520 3231 667 3289; x_wconf 86' lang='lat' dir='ltr'><strong>memoria</strong></span> <span class='ocrx_word' id='word_1_218' title='bbox 702 3251 806 3290; x_wconf 91' lang='lat' dir='ltr'><strong>rerum</strong></span> <span class='ocrx_word' id='word_1_219' title='bbox 853 3242 1005 3311; x_wconf 79' lang='lat' dir='ltr'><strong>gestarum</strong></span> <span class='ocrx_word' id='word_1_220' title='bbox 1048 3233 1228 3308; x_wconf 82' lang='lat' dir='ltr'><strong>continetur,</strong></span> 
     </span>
     <span class='ocr_line' id='line_1_28' title="bbox 137 3336 1228 3417; baseline 0.009 -27"><span class='ocrx_word' id='word_1_221' title='bbox 137 3351 215 3413; x_wconf 90' lang='lat' dir='ltr'><strong>quos</strong></span> <span class='ocrx_word' id='word_1_222' title='bbox 232 3342 349 3393; x_wconf 82' lang='lat' dir='ltr'><strong>veteres</strong></span> <span class='ocrx_word' id='word_1_223' title='bbox 380 3336 610 3399; x_wconf 89' lang='lat' dir='ltr'><strong>commentarios</strong></span> <span class='ocrx_word' id='word_1_224' title='bbox 630 3337 837 3417; x_wconf 85' lang='lat' dir='ltr'><strong>nominabant,</strong></span> <span class='ocrx_word' id='word_1_225' title='bbox 853 3359 917 3399; x_wconf 92' lang='lat' dir='ltr'><strong>non</strong></span> <span class='ocrx_word' id='word_1_226' title='bbox 938 3349 984 3398; x_wconf 85' lang='lat' dir='ltr'><strong>est</strong></span> <span class='ocrx_word' id='word_1_227' title='bbox 1003 3337 1158 3404; x_wconf 86' lang='lat' dir='ltr'><strong>Ciceronis</strong></span> <span class='ocrx_word' id='word_1_228' title='bbox 1178 3360 1228 3400; x_wconf 82' lang='lat' dir='ltr'><strong>ae-</strong></span> 
     </span>
     <span class='ocr_line' id='line_1_29' title="bbox 136 3439 1228 3528; baseline 0.01 -31"><span class='ocrx_word' id='word_1_229' title='bbox 136 3439 228 3503; x_wconf 85' lang='lat' dir='ltr'><strong>tatis:</strong></span> <span class='ocrx_word' id='word_1_230' title='bbox 262 3439 397 3522; x_wconf 87' lang='lat' dir='ltr'><strong>exempla</strong></span> <span class='ocrx_word' id='word_1_231' title='bbox 424 3445 488 3503; x_wconf 92' lang='lat' dir='ltr'><strong>eius</strong></span> <span class='ocrx_word' id='word_1_232' title='bbox 514 3443 596 3524; x_wconf 85' lang='lat' dir='ltr'><strong>apud</strong></span> <span class='ocrx_word' id='word_1_233' title='bbox 625 3443 757 3507; x_wconf 89' lang='lat' dir='ltr'><strong>Gellium</strong></span> <span class='ocrx_word' id='word_1_234' title='bbox 787 3447 922 3528; x_wconf 88' lang='lat' dir='ltr'><strong>primum</strong></span> <span class='ocrx_word' id='word_1_235' title='bbox 943 3458 1043 3510; x_wconf 85' lang='lat' dir='ltr'><strong>extare</strong></span> <span class='ocrx_word' id='word_1_236' title='bbox 1064 3447 1228 3518; x_wconf 81' lang='lat' dir='ltr'><strong>videntur:</strong></span> 
     </span>
     <span class='ocr_line' id='line_1_30' title="bbox 135 3544 1227 3634; baseline 0.007 -28"><span class='ocrx_word' id='word_1_237' title='bbox 135 3544 209 3625; x_wconf 90' lang='lat' dir='ltr'><strong>1V,</strong></span> <span class='ocrx_word' id='word_1_238' title='bbox 231 3545 269 3612; x_wconf 86' lang='lat'><strong>6:</strong></span> <span class='ocrx_word' id='word_1_239' title='bbox 292 3549 325 3607; x_wconf 82' lang='lat' dir='ltr'><strong>in</strong></span> <span class='ocrx_word' id='word_1_240' title='bbox 345 3548 489 3619; x_wconf 75' lang='lat' dir='ltr'><strong>veteribus</strong></span> <span class='ocrx_word' id='word_1_241' title='bbox 506 3551 655 3609; x_wconf 83' lang='lat' dir='ltr'><strong>memoriis</strong></span> <span class='ocrx_word' id='word_1_242' title='bbox 681 3553 825 3634; x_wconf 76' lang='lat' dir='ltr'><strong>scriptum</strong></span> <span class='ocrx_word' id='word_1_243' title='bbox 852 3566 906 3613; x_wconf 81' lang='lat' dir='ltr'><strong>est.</strong></span> <span class='ocrx_word' id='word_1_244' title='bbox 929 3554 979 3629; x_wconf 89' lang='lat' dir='ltr'><strong>X,</strong></span> <span class='ocrx_word' id='word_1_245' title='bbox 1015 3574 1079 3613; x_wconf 81' lang='lat'><strong>12:</strong></span> <span class='ocrx_word' id='word_1_246' title='bbox 1105 3553 1227 3614; x_wconf 74' lang='lat' dir='ltr'><strong>Pharo·</strong></span> 
     </span>
     <span class='ocr_line' id='line_1_31' title="bbox 136 3646 1228 3744; baseline 0.003 -31"><span class='ocrx_word' id='word_1_247' title='bbox 136 3653 219 3715; x_wconf 76' lang='lat' dir='ltr'><strong>rium</strong></span> <span class='ocrx_word' id='word_1_248' title='bbox 235 3653 427 3738; x_wconf 72' lang='lat' dir='ltr'><strong>philosophus</strong></span> <span class='ocrx_word' id='word_1_249' title='bbox 448 3656 660 3719; x_wconf 80' lang='lat' dir='ltr'><strong>memoriarum</strong></span> <span class='ocrx_word' id='word_1_250' title='bbox 682 3670 813 3734; x_wconf 80' lang='lat' dir='ltr'><strong>aeterum</strong></span> <span class='ocrx_word' id='word_1_251' title='bbox 834 3661 1122 3744; x_wconf 78' lang='lat' dir='ltr'><strong>exsequenti&#39;ssimm.</strong></span> <span class='ocrx_word' id='word_1_252' title='bbox 1135 3646 1228 3743; x_wconf 45' lang='lat' dir='ltr'><strong>,Sne</strong></span> 
     </span>
     <span class='ocr_line' id='line_1_32' title="bbox 135 3759 1227 3845; baseline 0.005 -24"><span class='ocrx_word' id='word_1_253' title='bbox 135 3761 238 3825; x_wconf 84' lang='lat' dir='ltr'><strong>tonius</strong></span> <span class='ocrx_word' id='word_1_254' title='bbox 263 3759 372 3823; x_wconf 89' lang='lat' dir='ltr'><strong>Claud.</strong></span> <span class='ocrx_word' id='word_1_255' title='bbox 393 3783 420 3822; x_wconf 87' lang='lat' dir='ltr'><strong>c.</strong></span> <span class='ocrx_word' id='word_1_256' title='bbox 444 3783 474 3824; x_wconf 89' lang='lat'><strong>1.</strong></span> <span class='ocrx_word' id='word_1_257' title='bbox 492 3761 637 3845; x_wconf 83' lang='lat' dir='ltr'><strong>singulari</strong></span> <span class='ocrx_word' id='word_1_258' title='bbox 663 3785 792 3830; x_wconf 87' lang='lat' dir='ltr'><strong>numero</strong></span> <span class='ocrx_word' id='word_1_259' title='bbox 824 3764 914 3826; x_wconf 85' lang='lat' dir='ltr'><strong>dicit:</strong></span> <span class='ocrx_word' id='word_1_260' title='bbox 939 3769 1021 3831; x_wconf 83' lang='lat' dir='ltr'><strong>vitae</strong></span> <span class='ocrx_word' id='word_1_261' title='bbox 1049 3768 1227 3828; x_wconf 68' lang='lat' dir='ltr'><strong>anemoriam</strong></span> 
     </span>
     <span class='ocr_line' id='line_1_33' title="bbox 133 3858 1227 3956; baseline 0.009 -29"><span class='ocrx_word' id='word_1_262' title='bbox 133 3858 443 3952; x_wconf 52' lang='lat' dir='ltr'><strong>(Drusv&#39;composuit</strong></span> <span class='ocrx_word' id='word_1_263' title='bbox 462 3869 648 3951; x_wconf 77' lang='lat' dir='ltr'><strong>(Angustia).</strong></span> <span class='ocrx_word' id='word_1_264' title='bbox 674 3872 735 3946; x_wconf 78' lang='lat' dir='ltr'><strong>Sed</strong></span> <span class='ocrx_word' id='word_1_265' title='bbox 756 3883 860 3936; x_wconf 89' lang='lat' dir='ltr'><strong>nostro</strong></span> <span class='ocrx_word' id='word_1_266' title='bbox 881 3873 948 3939; x_wconf 89' lang='lat' dir='ltr'><strong>loco</strong></span> <span class='ocrx_word' id='word_1_267' title='bbox 961 3896 1087 3956; x_wconf 66' lang='lat' dir='ltr'><strong>,quum</strong></span> <span class='ocrx_word' id='word_1_268' title='bbox 1110 3878 1227 3942; x_wconf 76' lang='lat' dir='ltr'><strong>tabidae</strong></span> 
     </span>
     <span class='ocr_line' id='line_1_34' title="bbox 74 3975 1226 4070; baseline 0.017 -40"><span class='ocrx_word' id='word_1_269' title='bbox 74 4019 77 4030; x_wconf 71' lang='lat'><strong>.</strong></span> <span class='ocrx_word' id='word_1_270' title='bbox 132 3975 271 4057; x_wconf 77' lang='lat' dir='ltr'><strong>publicae</strong></span> <span class='ocrx_word' id='word_1_271' title='bbox 291 3976 393 4040; x_wconf 88' lang='lat' dir='ltr'><strong>statim</strong></span> <span class='ocrx_word' id='word_1_272' title='bbox 413 3989 708 4056; x_wconf 86' lang='lat' dir='ltr'><strong>commemorentur,</strong></span> <span class='ocrx_word' id='word_1_273' title='bbox 728 3983 863 4062; x_wconf 88' lang='lat' dir='ltr'><strong>primum</strong></span> <span class='ocrx_word' id='word_1_274' title='bbox 884 3984 1053 4070; x_wconf 72' lang='lat' dir='ltr'><strong>communis</strong></span> <span class='ocrx_word' id='word_1_275' title='bbox 1070 3983 1226 4053; x_wconf 81' lang='lat' dir='ltr'><strong>hominum</strong></span> 
     </span>
     <span class='ocr_line' id='line_1_35' title="bbox 135 4083 753 4151; baseline 0.013 -9"><span class='ocrx_word' id='word_1_276' title='bbox 135 4086 282 4150; x_wconf 80' lang='lat' dir='ltr'><strong>memoria</strong></span> <span class='ocrx_word' id='word_1_277' title='bbox 303 4086 335 4151; x_wconf 90' lang='lat' dir='ltr'><strong>in</strong></span> <span class='ocrx_word' id='word_1_278' title='bbox 355 4083 500 4148; x_wconf 83' lang='lat' dir='ltr'><strong>auxilium</strong></span> <span class='ocrx_word' id='word_1_279' title='bbox 521 4086 658 4150; x_wconf 86' lang='lat' dir='ltr'><strong>vocanda</strong></span> <span class='ocrx_word' id='word_1_280' title='bbox 678 4098 753 4150; x_wconf 83' lang='lat' dir='ltr'><strong>erat.</strong></span> 
     </span>
    </p>
   </div>
   <div class='ocr_carea' id='block_1_6' title="bbox 0 0 1372 4696">
    <p class='ocr_par' dir='ltr' id='par_1_7' title="bbox 0 0 1372 4696">
     <span class='ocr_line' id='line_1_36' title="bbox 0 0 1372 4696; baseline 0 4"><span class='ocrx_word' id='word_1_281' title='bbox 0 0 1372 4696; x_wconf 95' lang='lat' dir='ltr'><strong> </strong></span> 
     </span>
    </p>
   </div>
  </div>
 </body>
</html>
