2736 4696
159 228 225 305 150
572 224 819 287 iouorimo

241 426 298 486 ιο,
325 426 351 467 ι.’
371 407 475 486 fiscile
498 405 653 491 princeps]
695 409 751 470 Est
779 408 869 468 huius
897 404 954 469 loci
983 402 1121 493 geminus
1148 401 1242 484 plane

152 534 210 596 pro
238 517 328 574 Rosc.
363 516 436 574 Am.
467 536 494 574 c.
514 515 547 576 6.
574 515 631 576 15:
661 515 693 579 S.
715 516 855 595 Roscius,
871 527 961 597 puter
984 515 1119 588 huiusce,
1140 511 1240 582 munes-

151 643 218 704 ceps
244 619 403 683 Amerinus
417 622 502 698 fiu't,
533 642 621 705 quum
642 642 749 701 genere
768 634 797 681 et
818 619 1016 698 nobilitate-et
1032 618 1163 702 pecunia
1178 636 1241 676 uon

153 727 241 787 modo
261 729 308 786 sui
333 728 498 810 uiuuicipii,
520 750 623 787 verrem
643 729 733 788 etiam
752 729 813 786 eius
833 727 993 810 vicinitatis
1000 725 1104 798 focile
1118 726 1241 807 primus

150 809 232 906 celt,
243 837 287 892 ita
305 845 339 892 ut
360 836 502 914 suspicari
524 837 631 915 possis,
640 834 819 895 adverbium
827 833 940 917 facile,
953 831 1034 914 quod
1052 843 1158 892 nostro
1169 829 1240 891 loco

147 944 256 1022 optimi
279 943 340 1002 duo
361 943 450 1002 codd.
473 962 534 1002 non
556 949 723 1023 agnoscunt
744 963 779 1003 ex
801 939 882 1001 illius
902 950 955 1000 out
984 937 1129 998 similium
1159 936 1242 998 loco·

148 1057 213 1142 tum
235 1050 380 1107 memoria
402 1047 464 1108 huc
484 1049 638 1108 invectum
667 1069 738 1111 esse.

235 1175 280 1221 ιο.
309 1157 417 1216 scelere
444 1153 615 1238 coniuncta]
639 1156 781 1237 Optime
807 1156 887 1215 hanc
915 1153 1074 1217 lectionem
1094 1152 1239 1214 omnium

148 1264 211 1325 sere
232 1262 379 1331 librorum
403 1263 584 1324 Garatonius
604 1285 622 1324 a
645 1265 767 1325 Graevii
786 1264 924 1345 inprimis
945 1263 1113 1345 suspicione
1135 1261 1239 1323 vindi-

149 1373 243 1444 cavit,
273 1373 324 1451 qui
354 1374 492 1452 coniungi
515 1373 623 1456 aliqua
651 1395 684 1432 re
710 1371 803 1432 latine
823 1373 882 1432 dici
911 1381 1072 1454 negaverat
1100 1380 1132 1429 et
1163 1391 1239 1430 cum

146 1476 213 1541 aliis
242 1481 395 1546 conminuta
419 1479 566 1543 dederat:
589 1478 676 1540 affert
696 1478 748 1539 ille
768 1478 869 1539 locum
891 1500 925 1540 ex
947 1477 1028 1540 Phil.
1052 1478 1095 1554 V,
1118 1500 1151 1561 7.
1172 1498 1233 1538 20:

147 1588 230 1647 hucin
252 1586 441 1648 ‚mendicitas
473 1586 618 1648 aviditate
638 1587 801 1652 coniuncto.
843 1586 932 1648 Adde
952 1587 991 1647 de
1008 1564 1157 1662 Oratsl,
1180 1586 1236 1674 57?

147 1693 233 1772 243:
267 1695 388 1757 dicendi
416 1682 462 1756 vis
487 1695 606 1775 egregio
633 1692 922 1774 tummafistivituie
944 1707 973 1754 et
991 1706 1141 1754 veizustaoe
1162 1715 1239 1771 cou-

147 1805 256 1863 iuncta.
329 1859 332 1864 Δ

132 1912 133 1919 ’
233 1932 278 1973 12.
298 1914 331 1971 iu
350 1912 434 1971 cumi
451 1917 555 1984 causa]
598 1909 681 1970 Haec
699 1913 864 1993 scriptura,
896 1931 989 1992 Qum
1011 1931 1045 1969 ex
1075 1905 1238 1993 codicibus

145 2016 207 2076 suis
250 2016 416 2081 Lambinus
448 2019 550 2095 eruit,
588 2018 726 2098 quamvis
766 2015 957 2098 superciliose
993 2017 1144 2084 Gruterus
1164 2038 1236 2081 eum

145 2122 278 2183 fastidiat
296 2123 449 2202 (iiuuise,
474 2125 503 2183 si
522 2123 611 2185 modo
631 2124 706 2208 quid
718 2126 856 2196 seutioll
882 2144 1014 2204 eumque
1036 2126 1159 2205 sequuti
1181 2146 1233 2193 re·

141 2234 290 2292 centiores
316 2253 420 2292 omnes
451 2235 639 2313 spreverint,
674 2244 775 2293 tamen
796 2234 884 2294 unice
912 2253 985 2294 vera
1005 2242 1050 2292 est
1064 2276 1081 2311 ,ι
1095 2242 1127 2293 et
1146 2253 1233 2315 nuuc

140 2335 262 2396 duobus
302 2339 424 2417 optimis
445 2339 556 2398 nostris
583 2337 752 2400 luculenter
785 2339 997 2415 confirmatur„
1044 2338 1125 2406 Nam
1152 2338 1234 2419 illud

141 2446 252 2525 ipsum,
275 2430 360 2526 quod
384 2443 517 2506 Orelliue
536 2466 634 2526 nuper
654 2448 687 2504 in
706 2444 830 2527 vulgata
850 2445 1062 2526 inessediuit,
1082 2456 1118 2525 ut
1141 2448 1231 2528 quasi

141 2553 255 2613 invitus
284 2552 407 2628 Cicero,
437 2573 530 2635 quum
552 2552 639 2615 aliter
670 2554 827 2614 nominare
848 2575 921 2625 ,nou
955 2554 1065 2635 possit,
1090 2565 1233 2617 matrem

141 2681 174 2721 se
195 2659 348 2742 appellare
380 2661 479 2738 dicet,
509 2682 598 2723 verae
627 2662 756 2722 oratoris
775 2661 939 2722 sententiae
960 2663 1145 2731 contrarium
1168 2673 1231 2725 cst:

141 2768 280 2830 consulto
309 2771 391 2831 enim
418 2781 448 2831 et
460 2769 569 2852 ¹pedite
600 2791 691 2853 opera
711 2790 821 2829 nomen
842 2748 906 2833 tom
926 2779 1064 2835 sanctum
1084 2779 1116 2831 et
1136 2791 1231 2832 venc-

142 2877 286 2953 rundum,
318 2890 465 2959 quantum
486 2880 551 2940 fieri
572 2882 704 2962 poterit,
737 2882 862 2940 immani
883 2879 996 2938 Sassiae
1019 2877 1150 2941 ferociae
1168 2901 1229 2960 ‚op·,

140 2985 294 3066 positum,
318 3006 415 3067 eoque
435 2988 562 3068 impium
584 2989 648 3048 eius
670 2986 805 3049 furorem
825 2986 1013 3055 manifestius
1039 2983 1229 3057 declaratum

141 3113 205 3152 esse
236 3093 338 3173 cupit:
368 3115 431 3154 non
451 3094 551 3174 igitur
564 3095 693 3155 nominis
707 3116 817 3167 corno,
840 3094 893 3154 sed
913 3091 1130 3174 praemeditato
1152 3113 1227 3153 con·

140 3198 207 3259 silio
227 3202 259 3258 iu
283 3203 369 3260 cinni
386 3222 475 3261 caina
504 3213 632 3261 matrem
652 3223 718 3262 eam
748 3201 959 3283 appellandam
983 3200 1106 3273 statuit,
1122 3221 1228 3281 ‚neque

139 3327 279 3389 uquiom
302 3305 334 3365 h.
357 3328 383 3371 e.
405 3306 489 3367 nulla
511 3310 655 3369 orationis
675 3320 772 3389 purte,
804 3311 847 3375 itu
864 3310 902 3370 de
917 3329 971 3368 suo
987 3307 1097 3367 scelere
1117 3320 1148 3367 et
1163 3309 1225 3367 im·

140 3415 280 3472 mititare
297 3414 416 3490 erudiet,
437 3429 469 3474 ut
485 3427 609 3474 uenturae
631 3416 661 3476 h.
688 3438 714 3476 e.
736 3418 840 3478 matris
860 3439 968 3479 nomeu
984 3419 1108 3480 omittat.

227 3541 273 3590 11,
298 3540 327 3579 n.
351 3542 409 3579 nou
426 3520 588 3605 pudicitia]
632 3523 701 3585 Non
724 3523 866 3604 leguntur
886 3526 962 3586 haec
982 3523 1076 3584 verba
1097 3526 1130 3585 in
1162 3525 1222 3606 pri·¹

137 3627 240 3684 mariis
275 3626 454 3686 codicibus:
493 3627 587 3688 nolim
626 3639 728 3691 tamen
757 3631 790 3693 h.
822 3632 844 3693 l.
878 3634 916 3693 iis
945 3630 1087 3713 ¹obsequi
1107 3677 1129 3712 ,Δ
1149 3635 1222 3715 quia

137 3739 261 3812 propter
293 3729 519 3792 similitudinem
552 3736 794 3815 praecedentium
824 3738 987 3798 verborum
1018 3739 1094 3812 (uou
1108 3743 1223 3826 pudor)

137 3838 189 3899 illa
211 3837 298 3899 focile
319 3839 454 3900 excidere
474 3852 655 3922 potuerunt,
674 3844 761 3925 etad
782 3866 902 3906 sensum
922 3848 993 3907 satis
1014 3847 1054 3908 ab
1074 3850 1112 3909 iis
1134 3849 1220 3911 diffe-

137 3958 232 4007 runt:
271 3969 342 4007 nam
375 3948 476 4032 pudor
494 3969 528 4007 cx
556 3950 698 4026 universo
719 3949 916 4017 humanitatis
947 3973 1039 4013 sensu
1073 3956 1219 4032 exoritur,

46 4092 51 4099 ι
128 4051 279 4135 podii-itio
311 4054 350 4115 ud
386 4053 515 4139 feminee
540 4066 570 4116 et
594 4057 699 4122 matris
715 4055 891 4139 dignitatem
912 4071 1043 4143 spectat:
1066 4063 1220 4145 coniungit

116 4278 121 4322 i
