2736 4696
591 235 774 301 cunct.
1151 245 1219 319 183
1241 184 1322 310 μ’*

142 414 270 497 addito,
298 428 351 479 aut
379 421 413 480 in
443 417 533 481 rebus
555 419 678 503 poiticis
708 430 738 482 et
769 439 839 481 vere
865 415 1009 480 fabulosis
1041 439 1130 480 ausus
1153 429 1218 498 est;

142 520 202 582 boc
236 542 326 584 sensu
354 523 428 584 dicit
456 524 494 585 de
516 525 584 586 lnv.
607 526 643 606 l,
670 547 715 609 ¹9·
738 546 797 610 27:
820 526 935 604 sabula
966 539 1008 586 est
1028 528 1062 588 in
1079 547 1138 612 qua
1168 547 1223 591 nen
1288 585 1293 606 ,

140 649 229 692 uerae
251 653 305 693 nec
323 635 500 695 verisimiles
523 655 570 695 res
592 637 798 709 continentur,
821 635 984 696 cuiinmodi
1001 647 1060 696 est:
1100 632 1222 714 Angm

144 739 272 821 ingerens
303 741 387 800 alites
407 741 500 801 iuncti
517 743 596 822 iugo.
619 739 681 801 Off.
705 741 750 815 ll,
774 762 804 824 9.
827 741 879 823 39:
900 741 982 826 ficta
1013 755 1042 802 et
1070 761 1219 806 commen·

140 845 208 904 titia
216 846 344 926 fabula.
377 867 433 927 pro
463 846 532 907 Mil.
567 847 598 908 5.
633 844 677 908 8:
687 846 934 931 fictaefahulae.
975 849 1115 929 Denique
1143 847 1219 907 dare

131 932 273 1030 sedulam
295 962 339 1012 est
358 953 480 1035 quidem
502 953 656 1013 Ciceronis
675 954 727 1014 sed
748 957 790 1015 ita
812 966 845 1016 ut
862 957 919 1018 sit:
956 954 1091 1016 fabulam
1120 954 1216 1016 sceni-

142 1075 209 1117 cam
235 1056 348 1138 populo
374 1059 565 1140 spectandam
589 1060 738 1137 exhibere,
775 1060 910 1143 (Tuscnl.
932 1061 956 1139 l,
981 1063 1016 1123 3:
1040 1061 1144 1121 Lioim
1153 1061 1217 1138 fa·

141 1163 239 1224 belam
258 1165 352 1246 dedit)
385 1190 534 1251 nusquam
554 1169 708 1229 mendacia
729 1169 906 1244 venditare,
945 1180 981 1231 ut
1016 1178 1119 1229 nostro
1149 1165 1216 1228 loco

140 1270 398 1354 interpretandum
418 1275 505 1343 foret.
527 1278 614 1357 Quae
636 1299 730 1360 quum
741 1280 783 1337 ita
803 1280 874 1351 sint,
891 1287 983 1337 restat
1007 1286 1042 1336 ut
1055 1273 1216 1336 difficulta-

140 1389 199 1440 tem
213 1377 310 1459 illam,
323 1381 559 1463 interpolationis
579 1405 710 1458 causam,
729 1383 960 1465 perpendamus.
989 1383 1084 1464 Atqui
1102 1391 1218 1449 resecto

140 1486 344 1549 additamento
374 1488 428 1552 illo
460 1491 543 1553 locus
577 1491 749 1553 sanissimus
776 1502 837 1568 est:
872 1491 1009 1550 Staienus
1039 1491 1129 1565 enim,
1151 1490 1218 1551 sive
1291 1569 1297 1576 ῃ

141 1605 270 1668 extrema
298 1595 472 1655 necessitate
501 1606 640 1671 coaetus,
664 1597 728 1657 sive
748 1617 766 1656 a
788 1595 920 1677 Cethego
941 1593 1111 1653 admonitus
1131 1592 1216 1653 frau-

138 1699 205 1777 dem
228 1703 428 1784 excogitavit:
459 1721 531 1759 nam
551 1703 605 1761 etsi
626 1697 783 1760 consilium
806 1697 967 1760 simulandi
989 1695 1029 1756 ab
1048 1696 1108 1756 alio
1128 1717 1213 1757 acce·

138 1810 196 1890 pit,
230 1810 296 1892 ipse
326 1819 428 1870 tamen
458 1830 522 1870 rem
554 1830 674 1869 omnem
706 1809 844 1869 instruxit
868 1819 899 1870 ct
920 1807 1098 1883 adornavit,
1131 1805 1215 1888 quod

139 1916 258 1996 ipsum,
306 1917 473 1999 postposito
501 1918 676 1998 praesertim
710 1917 868 1998 participio
914 1915 1107 1990 amonitus,
1143 1922 1214 1972 tan·

138 2040 228 2103 quam
271 2022 365 2084 altera
396 2021 572 2104 significatio
604 2022 763 2084 commode
796 2021 891 2084 verbo
918 2023 1086 2104 excogitare
1118 2031 1216 2104 potest

138 2127 331 2211 subintelligi.

217 2267 270 2344 61,
293 2290 325 2352 9.
344 2271 398 2356 qui
419 2289 484 2331 cum
503 2284 598 2332 nratre
624 2271 748 2332 latebat
778 2269 951 2354 simultates]
1016 2273 1121 2353 Quum
1152 2271 1216 2333 duo

137 2378 241 2459 optimi
268 2378 364 2437 nostri
394 2385 424 2438 et
453 2377 534 2438 bona
561 2400 632 2460 pars
652 2389 821 2439 ceterorum
854 2379 991 2438 codicum
1010 2378 1102 2439 verba
1130 2379 1214 2439 liabe-

136 2483 184 2544 bat
203 2484 366 2544 simultates
385 2496 538 2563 tucantur,
559 2507 621 2547 non
641 2486 766 2562 dubito,
792 2487 866 2568 quin
887 2505 989 2545 errore
1008 2485 1214 2563 librariorum,

136 2589 226 2651 simili
261 2592 474 2654 terminatione
509 2614 619 2654 vocum
646 2593 773 2653 trahebat
799 2603 829 2652 et
847 2592 988 2651 irrerebat
1007 2590 1213 2672 deceptorum,

136 2692 165 2754 in
199 2695 325 2779 reliquis
359 2699 470 2759 omissa
501 2699 574 2758 sint.
618 2697 773 2757 Garatonii
801 2697 924 2771 rationi,
949 2698 1002 2777 qui
1023 2697 1214 2758 scribendum

135 2807 268 2865 censuitr
289 2804 342 2890 qui
361 2825 427 2864 cum
447 2810 565 2864 matre?
585 2803 650 2865 scil.
671 2807 704 2863 in
722 2803 851 2883 gratiam
871 2802 969 2862 redire
986 2815 1113 2885 poterat,
1137 2803 1214 2864 illud

135 2908 247 2980 obstat,
268 2905 352 2988 quod
372 2907 450 2968 nihil
470 2908 553 2970 aliud
573 2908 613 2969 ad
634 2929 754 2970 causam
778 2907 977 2968 dirimendam
991 2908 1214 2990 requirebatur,

134 3032 224 3094 quam
257 3011 388 3073 Cluentii
418 3023 449 3074 et
476 3014 637 3096 Oppianici
656 3017 768 3098 gratiae
792 3012 1006 3087 reconciliatio,
1049 3013 1147 3072 Sassia
1166 3013 1217 3073 id'-

102 3182 109 3194 ..
135 3119 214 3181 circo
244 3129 364 3180 tantum
397 3121 659 3183 commemoranda
679 3132 762 3199 erat,
797 3121 880 3204 quod
910 3123 974 3182 cius
994 3143 1062 3181 cum
1091 3122 1154 3182 filio
1174 3123 1215 3181 si-

135 3226 275 3288 multates
301 3248 445 3310 magnum
472 3241 559 3291 erant
578 3228 846 3314 impedimentum,
874 3250 936 3311 quo
959 3229 1057 3288 minus
1074 3227 1123 3288 hic
1144 3249 1215 3289 cum

133 3333 241 3393 vitrico
272 3334 304 3393 in
340 3335 467 3416 gratiam
501 3335 635 3397 rediret:
657 3336 752 3417 idque
765 3336 796 3396 in
813 3335 936 3420 vulgata
956 3335 1103 3418 scriptura
1123 3338 1218 3418 aptis-

132 3438 205 3502 sime
225 3440 412 3521 exprimitur.

214 3615 265 3658 21.
292 3596 421 3681 disputo]
472 3599 553 3661 Nihil
588 3621 712 3663 moveor
741 3601 944 3684 plurimorum
983 3599 1132 3674 codicum,
1162 3599 1216 3684 qui

134 3700 284 3785 disputem
301 3702 465 3779 exhibent,
500 3705 698 3785 dissensione,
732 3708 916 3791 optimorum
945 3708 1123 3767 auctoritate
1142 3725 1217 3767 con-

135 3814 233 3867 tentus
253 3818 283 3869 et
302 3829 422 3871 sensum
455 3812 554 3893 ipsum
582 3822 744 3894 sequutus,
779 3811 830 3894 qui
852 3832 947 3896 quum
968 3820 1071 3872 orator
1090 3809 1216 3871 inchoa·

136 3928 199 3978 tam
222 3915 284 3976 iam
306 3916 538 3999 disputationem
558 3918 741 4005 interpellet,
763 3940 825 3982 non
844 3939 955 3982 novam
973 3919 1105 4003 aliquam
1124 3918 1216 3980 omit·

135 4029 195 4102 tat,
219 4020 417 4091 indicativum
440 4024 578 4112 flagitat*
