2736 4696
449 275 533 338 rao
555 273 597 337 a.
620 276 849 341 masurio.
1145 283 1192 363 35

92 484 212 566 grum
236 463 459 541 consilium:
502 464 638 541 iudicii
669 445 845 572 corrupti
876 466 986 544 nulla
1011 466 1192 575 suspicio:

93 585 261 688 simplex
286 585 328 659 in
355 584 548 662 iudicium
572 614 700 678 causa,
736 608 839 664 certa
864 610 941 682 res,
968 621 1095 669 unum
1120 592 1195 668 cri-

94 702 188 782 men
214 709 378 784 allatum
403 730 468 786 est.
517 712 592 786 Hic
618 731 702 795 tum
725 713 940 813 Fabricius,
969 715 1014 800 is,
1042 714 1193 816 dequo

95 851 188 906 ante
211 831 310 922 dixi,
335 835 423 936 qui,
449 835 590 912 liberto
616 836 815 926 damnato,
840 838 913 912 sibi
929 836 1029 912 illud
1046 838 1193 943 impen-

68 955 187 1031 fidere
212 957 431 1061 periculum
456 958 620 1049 videret,
645 960 751 1063 quod
777 961 874 1036 mibi
900 962 1193 1038 cum'Aletrina-

34 1098 38 1103 '
93 1081 203 1158 tibus
225 1081 484 1170 vicinitatem,
524 1102 678 1160 etcum
711 1085 906 1191 plerisque
941 1112 1077 1160 eorum
1102 1112 1188 1158 ma·

91 1216 226 1308 gnum·
241 1232 355 1281 usum
379 1233 455 1282 esse
478 1207 635 1298 sciebat,
662 1208 874 1311 frequentis
899 1232 961 1281 eos
985 1202 1108 1281 adme
1125 1202 1191 1280 do-
1245 1246 1248 1253 =

91 1352 205 1404 mum
230 1326 403 1406 adduxit.
455 1332 536 1429 Qui
560 1337 799 1435 quamquam
824 1330 871 1406 de
892 1329 1065 1419 bomine,
1092 1329 1190 1404 sicut

91 1478 242 1528 necesse
266 1473 366 1545 erat,
402 1455 689 1530 existimabant:
726 1474 872 1543 tamen,
906 1450 1014 1557 quod
1038 1471 1121 1527 erat
1143 1477 1190 1526 ex

48 1574 228 1650 roeodem
252 1576 488 1681 municipio,
514 1604 604 1652 suae
627 1577 824 1679 dignitatis
848 1602 923 1651 esse
947 1577 1190 1652 arbitraban-

92 1715 181 1786 tur,
207 1723 316 1788 eum,
341 1699 486 1801 quibus
503 1700 616 1773 rebus
635 1717 803 1802 possent,
824 1696 1042 1772 defendere:
1071 1697 1190 1800 idque

89 1844 115 1897 a
140 1846 203 1897 me
218 1799 276 1896 'ut
299 1822 481 1914 facerem,
518 1843 557 1899 et
583 1843 629 1899 ut
653 1850 804 1898 causam
829 1821 1051 1898 Scamandri
1075 1821 1190 1896 susci·

90 1972 247 2071 peram,
273 1947 474 2050 petebant:
501 1948 543 2022 in
568 1974 647 2050 qua
674 1974 786 2021 causa
812 1946 967 2050 patroni
992 1971 1106 2019 omne
1126 1971 1192 2049 pe·
1296 2028 1308 2041 ,

24 2084 27 2088 ‘
91 2068 266 2143 riculum
292 2069 576 2145 continebatur.
627 2073 729 2171 Ego,
755 2070 825 2171 qui
851 2095 977 2172 neque
1002 2070 1081 2144 illis
1106 2069 1191 2144 tali·
1212 2095 1250 2158 50

50 2178 168 2269 asbus
191 2193 283 2270 viris
308 2220 353 2267 ac
380 2211 458 2266 tam
475 2191 695 2265 amantibus
712 2192 787 2265 mei
806 2217 886 2264 rem
902 2217 1048 2296 prusam
1067 2193 1189 2267 ullam
1266 2210 1269 2214 '

92 2338 245 2420 negare,
274 2342 400 2420 acque
424 2313 526 2390 illud
551 2315 698 2389 crimen
724 2332 877 2389 tantum
908 2341 952 2388 ac
987 2334 1065 2389 tam
1102 2340 1189 2391 ma·
1254 2311 1258 2319 ’

54 2494 57 2506 ·
91 2442 279 2518 nifestum
306 2468 381 2518 esse
404 2442 635 2530 arbitrarer,
661 2441 761 2514 sicut
782 2466 830 2513 ne
847 2439 905 2514 illi
925 2439 996 2544 ipsi
1014 2419 1189 2542 quidem,

92 2566 163 2668 qui
191 2567 290 2641 mihi
318 2584 402 2641 tum
424 2565 533 2639 illam
555 2590 706 2637 causam
724 2561 1062 2652 commendabant,
1088 2561 1191 2636 arbi·

92 2689 321 2780 trahantur,
340 2689 536 2794 pollicitus
554 2689 600 2764 iis
614 2716 716 2776 sum,
741 2712 802 2760 me
819 2686 964 2774 omnia,
999 2709 1098 2786 quae
1113 2684 1189 2757 vel·
1216 2691 1221 2698 ’

52 2815 195 2909 nolent,
214 2840 290 2889 esse
307 2815 514 2889 facturum.
566 2817 636 2888 Res
654 2812 713 2913 agi
732 2829 864 2914 coepta
883 2828 953 2884 cst:
980 2807 1192 2907 citatus'cst
1219 2811 1266 2886 18

94 2937 325 3014 Scamander
348 2964 445 3014 reus.
506 2937 719 3013 Accusabat
743 2939 782 3009 P.
802 2935 1039 3026 Cannutius,
1073 2931 1190 3007 homo

95 3059 294 3164 inprimis
319 3059 538 3162 ingeniosus
563 3059 659 3132 etin
683 3053 846 3131 dicendo
865 3057 1108 3131 exercitatus:
1134 3083 1194 3130 ao·

95 3185 253 3260 cusabat
278 3202 408 3259 autem
434 3184 500 3257 ille
512 3181 788 3257 Scamandrum
807 3179 930 3254 verbis
948 3181 1089 3257 tribus:
1116 3210 1195 3257 va-

178 3367 209 3407 2.
231 3367 339 3407 verum
359 3347 476 3407 crimen
584 3365 632 3428 ¹7·
656 3365 695 3404 ne
716 3342 761 3403 illi
783 3342 907 3424 quidem
928 3344 985 3425 ipsi
1070 3343 1122 3405 23.
1142 3341 1194 3403 ille

175 3430 301 3512 quidem
324 3431 425 3490 Scam.

165 3563 600 3654 n.unum11(praeterbcq):
619 3575 753 3646 αβγδεζ
805 3595 857 3629 om.
878 3576 917 3627 bc
953 3594 1062 3649 nuncq
1097 3592 1192 3630 veruta

96 3664 251 3750 actaeqp.
270 3648 381 3773 redd.Fb
418 3657 447 3776 3⁸
462 3652 583 3773 abblaturn
605 3649 765 3770 ‘acmsstifn
783 3667 807 3769 ἓ
831 3650 1101 3771 tumlgaimflff,
1133 3649 1196 3772 13ἰὲ
1240 3722 1243 3726 A
1319 3714 1321 3718 ι

96 3740 304 3846 iubariiilibus
320 3737 402 3844 aber·
423 3738 625 3845 Alacriiiallbiis
643 3759 667 3838 α’
708 3736 764 3841 iri
776 3789 884 3858 possint
900 3757 953 3840 Ab
981 3735 1158 3840 aniblrddis
1177 3806 1196 3838 a

102 3866 141 3919 td.
158 3864 296 3933 denegare
317 3877 354 3914 ae
446 3882 483 3932 ¹7·
504 3861 549 3936 ne]
572 3878 623 3912 nec
641 3857 1196 3930 defgltiltlmnoprstuvwaydrtq

99 3936 249 4007 κὶμνοπ
286 3934 328 3984 illi
348 3932 402 4002 ipsi
420 3933 599 4004 quidemAB
627 3932 669 3982 illi
689 3930 799 3998 quidem
819 3929 939 3999 ipsiIlO
977 3929 1198 3997 19.iisom.AB
1256 3948 1259 3954 ⁴

99 4003 405 4078 bladesgiprstve
475 4023 516 4058 at.
536 4005 562 4056 P.
582 4001 698 4054 om.AB
733 3998 1198 4068 CannutiusABprstutxpon

99 4074 235 4131 canaan·
252 4074 342 4149 leq).
355 4076 472 4144 νξρστ
516 4074 641 4126 Canitius
659 4066 843 4140 defgltldt
897 4069 1045 4120 Cannicius
1064 4067 1199 4122 lumnov

100 4144 244 4201 munna·
261 4151 331 4197 ἰα-ἱ
344 4145 534 4199 cannatum·
567 4143 714 4197 camuctus
732 4158 758 4192 w
828 4140 871 4192 23.
889 4144 979 4188 autem
999 4155 1050 4189 nm.
1070 4155 1115 4191 no
1148 4140 1198 4193 ille

104 4214 296 4273 murum
311 4212 618 4275 Bcltlmuowadtc
652 4211 702 4265 ille
722 4208 944 4282 quidem-scam.
960 4207 985 4262 ll
1004 4208 1081 4279 vulg.
