2736 4696
519 269 603 345 Pro
627 262 906 334 automno.
1202 274 1248 352 55

175 451 370 528 Staienum
405 453 484 556 ipse
515 452 565 527 ad
594 451 771 530 subsellia
796 454 964 535 adduxit
1000 455 1253 561 Consurgitur
1274 468 1313 554 75

174 575 215 651 in
235 574 461 666 eonsilium,
502 601 626 678 quum
649 579 852 655 sententias
875 579 1128 684 Oppianicus,
1153 604 1252 683 quae

174 716 257 774 mm
289 714 373 772 erat
409 715 586 802 potestas,
621 701 748 804 palam
771 698 864 775 ferri
889 703 984 781 velle
1014 699 1180 790 dixisset,
1207 718 1258 778 ut·

173 819 345 896 Staienus
368 820 463 894 scire
485 839 619 923 posset,
644 821 741 923 quid
767 822 907 923 cuique
932 821 1094 899 deberet.
1134 823 1253 900 Varia

157 940 349 1017 tiudicum
367 967 522 1044 genera:
540 942 747 1021 nummarii
763 945 895 1048 pauci:
919 944 984 1020 sed
999 972 1127 1028 omnes
1151 946 1251 1021 irati.

173 1067 226 1141 Ut
249 1065 320 1168 qui
346 1064 516 1169 accipere
541 1065 583 1140 in
608 1093 742 1171 campo
766 1087 1018 1157 consuerunt,
1055 1066 1100 1145 iis
1123 1066 1254 1143 eandi-

174 1186 291 1276 datis‚
335 1212 506 1289 quorum
537 1213 713 1264 nummos
747 1216 961 1294 suppressos
992 1216 1066 1266 esse
1098 1210 1251 1295 putant,

172 1308 424 1387 inimicissimi
459 1309 583 1384 solent
612 1334 702 1384 esse:
736 1311 788 1386 sic
811 1311 996 1388 eiusmodi
1021 1312 1163 1391 iudices
1191 1315 1250 1390 in-

172 1432 258 1509 testi
286 1416 371 1509 tum
394 1460 459 1508 reo
484 1451 683 1508 venerant:
708 1433 824 1508 ceteri
850 1435 1158 1513 nocentissimum
1176 1464 1251 1514 esse

136 1557 480 1657 inarbitrebantur:
507 1555 572 1632 sed
595 1557 861 1661 exspectabant
884 1561 1088 1635 sententias
1105 1587 1249 1652 eorum,

168 1706 268 1784 quos
290 1699 491 1785 eorruptos
514 1680 724 1784 putabant,
749 1700 795 1757 ut
819 1707 864 1755 ex
888 1679 934 1756 iis
963 1681 1248 1772 constituerent,

168 1831 193 1879 a
218 1830 299 1908 quo
323 1801 512 1879 iudicium
537 1821 762 1906 corruptum
787 1802 994 1905 videretur·
1055 1805 1150 1880 Eece
1182 1805 1254 1880 tibi
1278 1785 1327 1862 23

167 1924 358 2002 eiusmodi
382 1923 530 2002 sortitio
554 1925 649 2011 fuit,
674 1944 720 2001 ut
745 1926 787 2001 in
812 1926 946 2031 primis
966 1925 1088 2001 Bulbo
1113 1945 1152 2002 et
1175 1931 1255 2003 Sta·

169 2048 261 2125 ieno
284 2066 325 2124 et
349 2049 492 2124 Guttae
503 2067 596 2124 esset
613 2046 874 2122 iudicandum.
900 2051 1056 2123 Summa
1074 2046 1252 2124 omnium

129 2169 412 2277 rtexspectatio,
438 2167 625 2271 quidnam
658 2169 867 2243 sententiae
899 2169 1045 2246 ferrent
1078 2169 1174 2247 leves
1207 2193 1253 2242 ae

166 2292 381 2371 nummarii
407 2289 560 2366 iudices·
586 2295 714 2394 Atque
738 2290 798 2365 illi
823 2317 952 2367 omnes
975 2292 1056 2368 sine
1079 2291 1160 2367 ulla
1181 2288 1252 2364 du·

152 2416 357 2494 'bitatione
388 2414 656 2490 condemnant
714 2414 789 2488 Hic
814 2432 898 2490 tum
921 2415 1083 2491 iniectus
1107 2432 1162 2491 est
1186 2411 1251 2490 bo·
1271 2425 1311 2507 76

165 2538 340 2618 minibus
375 2536 580 2639 scrupulus
615 2537 671 2611 et'
686 2535 875 2636 quaedam
901 2534 1113 2629 dubitatio,
1138 2537 1251 2640 quid-

164 2689 260 2738 nam
285 2678 379 2736 esset
402 2677 541 2734 actum.
590 2656 741 2734 Deinde
765 2658 937 2734 homines
969 2658 1175 2765 sapientes,
1205 2685 1251 2734 ex

122 2805 293 2862 :revetere
318 2784 386 2858 illa
411 2778 614 2886 disciplina
639 2779 888 2873 indiciorum,
923 2781 992 2883 qui
1026 2806 1151 2883 neque
1185 2783 1251 2856 ab·

162 2906 308 2982 solvere
346 2904 542 2982 bominem
576 2886 886 2981 nocentissimum
918 2924 1085 3011 possent,
1124 2931 1250 3007 neque

162 3051 275 3112 eum,
304 3024 352 3100 de
376 3051 455 3129 quo
480 3043 572 3100 esset
597 3045 679 3100 orta
714 3026 898 3131 suspicio,
929 3029 1092 3131 pecunia
1126 3056 1272 3133 oppu-'

164 3166 337 3251 gnatum,
364 3173 407 3222 re
432 3147 499 3222 illa
524 3146 727 3250 incognita,
754 3149 879 3254 primo
896 3149 1152 3226 condemnare
1173 3153 1248 3227 vel-

161 3269 268 3358 lent5
306 3283 387 3345 non
411 3268 561 3372 liquere
585 3267 775 3344 dixerunt
823 3271 1012 3346 Nonnulli
1038 3293 1167 3350 autem
1195 3301 1250 3351 se·

244 3464 460 3546 ddeberetur
587 3485 632 3527 tn
654 3463 708 3525 sed
728 3465 902 3548 spectabant
1039 3467 1086 3531 13.
1104 3486 1162 3532 ont.
1185 3467 1244 3529 fuit

231 3641 378 3714 apersit,
397 3643 471 3717 quod
490 3643 543 3699 AB
640 3644 754 3698 deberet
768 3647 821 3699 AB
896 3645 1042 3698 deberetur
1057 3646 1115 3700 Ro
1181 3649 1207 3706 6.
1217 3652 1248 3700 ut

158 3715 234 3771 enlm
271 3715 480 3785 ᾳιιίηκλμνξ
636 3721 835 3768 consueverunt
851 3717 1011 3782 τνβεζηλξ
1143 3717 1168 3770 8.
1187 3733 1247 3769 esse

163 3787 254 3839 solent
271 3798 316 3835 αε
402 3780 632 3856 9noeentissimt
660 3784 946 3856 Besgbiltlmvns
994 3787 1247 3840 innocentissimum

162 3853 204 3909 ed.
239 3854 306 3921 1584
444 3871 485 3912 ιο.
524 3852 718 3920 exspectabant
810 3855 980 3917 ABCdcl's
1101 3856 1247 3926 sperabant

162 3922 502 3997 dssglrr‘ltlmnorstu
571 3923 730 3992 spectabant
754 3928 777 3980 R
802 3927 876 3994 vulg.
1035 3944 1074 3982 ιι.
1101 3934 1243 3994 corruptos

166 3993 386 4064 esseputentc
541 4009 575 4044 ex
591 3993 635 4044 his
669 3992 1030 4068 desgqrrtundscsp
1120 3993 1241 4067 mtibi}

163 4062 237 4116 ibis
355 4063 470 4124 isfuit
497 4060 685 4118 adtexas
746 4132 748 4136 Α
790 4061 973 4138 15.acleto
1086 4063 1244 4138 infectum

163 4133 381 4212 ABcetsst
485 4132 814 4207 so·judte.diseipt.sr
932 4169 933 4173 =
1056 4180 1060 4189 ,
