2736 4696
1168 262 1193 311 V

15 447 19 454 “
101 445 217 510 terem,
243 431 391 517 quidquid
413 433 512 494 bonae
533 433 627 518 frugis
648 433 698 496 vel
710 433 874 496 Lambinus
895 455 930 494 ex
942 431 1003 494 suis
1025 431 1122 508 libris,
1144 429 1193 493 vel

104 564 276 630 Gulielmus
308 587 325 626 e
352 563 455 626 codice
489 564 522 625 S.
549 565 681 626 Victoris
701 576 895 642 enotarerat,
925 561 1039 644 ubique
1067 561 1131 623 fere
1161 563 1193 623 in

102 707 210 758 nostro
229 694 355 756 totidem
378 693 479 757 verbis
494 715 650 776 apparere.
692 695 751 756 Sed
773 717 869 777 quum
881 705 987 755 neuter
1000 713 1106 754 eorum
1120 713 1193 756 con-

102 829 222 888 tinuam
243 847 369 906 curam,
394 826 515 909 qualem
535 825 695 888 laudabilis
711 828 913 887 recentiorum
931 826 1105 887 criticorum
1119 845 1192 886 usus

102 956 251 1039 postulat,
291 957 431 1018 inlibris
452 956 639 1018 conserendis
662 954 871 1038 impendisset,
898 955 1091 1039 nihil'magis
1115 958 1193 1019 mihi

102 1087 273 1170 aptandum
286 1099 351 1149 erat
363 1087 402 1148 ad
411 1087 591 1148 firmandam
604 1086 715 1169 egregii
729 1083 1016 1148 codicisFlorentini
1030 1090 1193 1149 auctorita·
1206 1065 1209 1079 ¹

104 1230 188 1293 tem,
212 1238 305 1300 quam
319 1229 355 1279 ut
374 1237 470 1278 unum
491 1217 659 1278 alterumve
673 1216 806 1277 eiusdem
827 1219 1027 1300 praestantiae
1047 1217 1192 1299 scriptum

104 1351 221 1412 librum
236 1349 436 1423 nanciscerer,
462 1347 548 1408 cuins
560 1359 739 1432 perpetuum
758 1347 964 1409 testimonium
984 1349 1195 1433 aliquid'pon·

104 1482 187 1545 deris
206 1480 350 1543 adiiceret
374 1483 407 1541 in
433 1480 538 1564 iniqua
567 1481 656 1541 unius
686 1479 798 1541 codicis
826 1501 896 1540 cum
926 1481 1094 1542 innumeris
1128 1481 1196 1544 aliis

104 1609 343 1692 comparatione.
384 1608 481 1682 Eece,
504 1605 564 1668 hoc
583 1627 704 1689 quoque
717 1617 836 1689 praeter
856 1611 1105 1690 exspectationem
1119 1611 1196 1674 mibi

108 1741 228 1822 obtigit.
251 1736 545 1817 NIEBUHRIUS,
569 1740 624 1820 qui
636 1739 768 1798 rationes
788 1758 870 1798 meas
883 1739 1008 1800 consilio
1021 1750 1052 1800 et
1071 1761 1128 1824 ope
1141 1763 1197 1808 sua

106 1875 210 1936 fovere
229 1884 261 1935 et
280 1872 424 1936 adiuvare
445 1893 507 1934 non
528 1869 676 1951 desierat,
707 1869 740 1930 in
760 1869 934 1934 Monacensi
956 1871 1151 1953 bibliotheca,
1170 1877 1197 1937 si

108 2008 141 2067 in
165 2008 267 2090 patria
287 2006 369 2081 ulla,
392 2005 508 2089 aliquid
528 2006 631 2068 auxilii
645 2007 759 2090 sperari
773 2028 861 2090 posse
875 2005 1092 2089 suspicabatur.
1137 2009 1198 2071 Co·

104 2140 213 2223 gitavit
233 2140 271 2200 de
291 2141 357 2222 ipso
377 2140 481 2203 codice
502 2142 729 2223 Tegernseeati‚
744 2134 746 2140 ’
761 2163 800 2202 an
827 2141 904 2202 forte
925 2139 1074 2202 recentior
1096 2138 1198 2222 inqui-

77 2293 81 2301 ’
104 2270 175 2330 sitio
186 2268 389 2333 desideratum
400 2271 482 2333 hunc
493 2293 547 2354 per
557 2271 669 2334 multos
682 2294 778 2334 annos
789 2271 966 2334 thesaurum
979 2293 1085 2334 rursus
1100 2272 1195 2333 eruis·

105 2409 167 2476 set,
190 2410 221 2460 et
234 2402 259 2462 si
270 2401 346 2462 haee
356 2402 536 2483 exspectatio
546 2400 689 2463 audacior
702 2402 817 2483 suisset,
840 2390 903 2464 non
914 2403 1074 2484 ignoravit,
1098 2425 1190 2486 quam

106 2529 226 2610 egregia
245 2527 399 2590 bonarum
419 2530 588 2592 litterarum
601 2531 774 2592 adiumenta
785 2528 847 2591 illic
858 2543 1092 2593 asservarentur.
1128 2533 1197 2616 lpse

105 2662 199 2744 igitur
221 2681 288 2720 meo
309 2661 434 2722 nomine
455 2663 593 2744 precibus
620 2662 695 2724 adiit
720 2663 940 2742 Tdierselu'nm,
971 2664 1071 2739 ¹virum
1096 2664 1198 2726 nescio

106 2804 212 2856 utrum
233 2793 274 2853 ob
294 2793 481 2875 praeclaram
506 2797 599 2855 animi
623 2807 653 2856 et
673 2815 793 2856 morum
816 2795 1035 2854 humanitatem
1056 2813 1096 2852 an
1124 2814 1199 2874 pro·

106 2938 175 3011 pter
196 2925 405 2990 admirabilem
424 2926 580 2986 doctrinae
608 2926 725 3007 copiam
745 2937 777 2987 et
796 2924 976 3008 elegantiam
995 2925 1092 3005 magis
1109 2945 1200 3006 prae-

108 3055 291 3130 dicandum,
327 3076 382 3137 per
403 3077 532 3136 eumque
555 3055 636 3116 viros
659 3053 858 3130 clarissimos,
894 3057 947 3136 qui
968 3055 1067 3136 regiae
1088 3055 1200 3119 Mona-

109 3188 206 3248 censis
226 3184 427 3248 bibliothecae
442 3207 548 3247 curam
561 3197 689 3268 gerunt:
715 3208 733 3247 a
754 3206 886 3268 quorum
899 3186 1006 3248 eximia
1020 3185 1200 3249 liberalitate

109 3320 210 3380 statim
232 3317 310 3380 illud
330 3318 523 3399 impetravit,
554 3330 589 3379 ut
605 3339 762 3381 recensum
787 3322 941 3380 mitterent
969 3331 1000 3380 et
1026 3330 1200 3381 accuratam

109 3451 249 3512 notitiam
270 3471 341 3510 cum
361 3452 463 3511 variae
491 3449 627 3511 lectionis
652 3450 814 3532 specimine
836 3449 975 3509 codicum
1001 3459 1032 3510 et
1059 3461 1200 3527 veterum

109 3581 288 3661 editionum,
309 3603 326 3643 e
346 3582 456 3663 quibus
470 3581 586 3663 aliquid
606 3582 722 3643 fructus
742 3581 782 3642 ad
802 3580 1011 3642 Cluentianam
1032 3585 1200 3643 orationem

110 3713 282 3776 redundare
312 3725 422 3796 posset.
462 3715 538 3776 Viro
564 3713 758 3794 doctissimo,
794 3714 847 3795 qui
874 3712 1053 3775 Thierschio
1080 3723 1200 3796 petente
1256 3717 1258 3722 ’

112 3845 274 3908 molestum
316 3845 407 3907 huius
442 3867 550 3928 operae
585 3845 720 3906 laborem
751 3848 900 3927 suscipere
932 3866 995 3906 non
1029 3845 1197 3920 recusavit,

112 3998 204 4062 quam
224 3979 370 4039 maximas
388 3979 498 4061 gratias
516 3976 637 4061 publice
658 3997 724 4060 ago.
752 3977 854 4061 Quam
874 3988 960 4060 grato
980 3979 1081 4040 animo
1102 3997 1200 4061 quan·
