<?xml version="1.0" encoding="UTF-8"?>
<!DOCTYPE html PUBLIC "-//W3C//DTD XHTML 1.0 Transitional//EN"
    "http://www.w3.org/TR/xhtml1/DTD/xhtml1-transitional.dtd">
<html xmlns="http://www.w3.org/1999/xhtml" xml:lang="en" lang="en">
 <head>
  <title>
</title>
<meta http-equiv="Content-Type" content="text/html;charset=utf-8" />
  <meta name='ocr-system' content='tesseract 3.04.00' />
  <meta name='ocr-capabilities' content='ocr_page ocr_carea ocr_par ocr_line ocrx_word'/>
</head>
<body>
  <div class='ocr_page' id='page_1' title='image "./mtulliiciceroni00clasgoog_0190.png"; bbox 0 0 2736 4696; ppageno 0'>
   <div class='ocr_carea' id='block_1_1' title="bbox 626 271 1245 353">
    <p class='ocr_par' dir='ltr' id='par_1_1' title="bbox 626 271 1245 353">
     <span class='ocr_line' id='line_1_1' title="bbox 626 271 1245 353; baseline 0 -16"><span class='ocrx_word' id='word_1_1' title='bbox 626 271 809 340; x_wconf 67' lang='lat' dir='ltr'>CRl&#39;l&#39;lCAt</span> <span class='ocrx_word' id='word_1_2' title='bbox 1181 281 1245 353; x_wconf 82' lang='lat'>161</span> 
     </span>
    </p>
   </div>
   <div class='ocr_carea' id='block_1_2' title="bbox 98 451 1331 4196">
    <p class='ocr_par' dir='ltr' id='par_1_2' title="bbox 98 451 1331 4196">
     <span class='ocr_line' id='line_1_2' title="bbox 242 451 1249 542; baseline 0.001 -26"><span class='ocrx_word' id='word_1_3' title='bbox 242 453 514 542; x_wconf 70' lang='lat' dir='ltr'>2&#39;20q11ctmclarn</span> <span class='ocrx_word' id='word_1_4' title='bbox 547 466 609 517; x_wconf 82' lang='lat' dir='ltr'>tum</span> <span class='ocrx_word' id='word_1_5' title='bbox 622 457 711 536; x_wconf 62' lang='lat' dir='ltr'>ficit,</span> <span class='ocrx_word' id='word_1_6' title='bbox 737 456 849 518; x_wconf 75' lang='lat' dir='ltr'><em>recenti</em></span> <span class='ocrx_word' id='word_1_7' title='bbox 868 451 917 538; x_wconf 86' lang='lat' dir='ltr'>re]</span> <span class='ocrx_word' id='word_1_8' title='bbox 959 452 1043 516; x_wconf 83' lang='lat' dir='ltr'>Ante</span> <span class='ocrx_word' id='word_1_9' title='bbox 1063 451 1249 517; x_wconf 86' lang='lat' dir='ltr'>Lambiuum</span> 
     </span>
     <span class='ocr_line' id='line_1_3' title="bbox 150 548 1246 648; baseline 0.003 -27"><span class='ocrx_word' id='word_1_10' title='bbox 150 558 188 621; x_wconf 83' lang='lat' dir='ltr'>in</span> <span class='ocrx_word' id='word_1_11' title='bbox 210 559 366 644; x_wconf 84' lang='lat' dir='ltr'>plerisque</span> <span class='ocrx_word' id='word_1_12' title='bbox 386 562 456 624; x_wconf 89' lang='lat' dir='ltr'>edd.</span> <span class='ocrx_word' id='word_1_13' title='bbox 478 548 651 646; x_wconf 83' lang='lat' dir='ltr'>legebatur:</span> <span class='ocrx_word' id='word_1_14' title='bbox 672 583 766 648; x_wconf 85' lang='lat' dir='ltr'>quam</span> <span class='ocrx_word' id='word_1_15' title='bbox 787 562 891 639; x_wconf 83' lang='lat' dir='ltr'>clara,</span> <span class='ocrx_word' id='word_1_16' title='bbox 923 581 1015 645; x_wconf 84' lang='lat' dir='ltr'>quum</span> <span class='ocrx_word' id='word_1_17' title='bbox 1040 580 1139 622; x_wconf 82' lang='lat' dir='ltr'>recens</span> <span class='ocrx_word' id='word_1_18' title='bbox 1160 565 1246 642; x_wconf 83' lang='lat' dir='ltr'>fuit.-</span> 
     </span>
     <span class='ocr_line' id='line_1_4' title="bbox 153 668 1246 751; baseline 0 -22"><span class='ocrx_word' id='word_1_19' title='bbox 153 670 242 730; x_wconf 88' lang='lat' dir='ltr'>cuius</span> <span class='ocrx_word' id='word_1_20' title='bbox 261 672 580 751; x_wconf 58' lang='lat' dir='ltr'>scripturaesvestigia</span> <span class='ocrx_word' id='word_1_21' title='bbox 600 672 633 730; x_wconf 88' lang='lat' dir='ltr'>in</span> <span class='ocrx_word' id='word_1_22' title='bbox 656 668 810 730; x_wconf 85' lang='lat' dir='ltr'>nonnullis</span> <span class='ocrx_word' id='word_1_23' title='bbox 837 668 926 731; x_wconf 86' lang='lat' dir='ltr'><strong>MSS.</strong></span> <span class='ocrx_word' id='word_1_24' title='bbox 955 679 1114 750; x_wconf 80' lang='lat' dir='ltr'>apparent.</span> <span class='ocrx_word' id='word_1_25' title='bbox 1143 669 1246 729; x_wconf 60' lang='lat' dir='ltr'>›Lam-</span> 
     </span>
     <span class='ocr_line' id='line_1_5' title="bbox 151 774 1244 859; baseline 0 -21"><span class='ocrx_word' id='word_1_26' title='bbox 151 775 267 854; x_wconf 85' lang='lat' dir='ltr'>binus,</span> <span class='ocrx_word' id='word_1_27' title='bbox 301 798 397 859; x_wconf 91' lang='lat' dir='ltr'>quum</span> <span class='ocrx_word' id='word_1_28' title='bbox 420 774 577 838; x_wconf 88' lang='lat' dir='ltr'>meliorem</span> <span class='ocrx_word' id='word_1_29' title='bbox 602 789 663 838; x_wconf 76' lang='lat' dir='ltr'>uem</span> <span class='ocrx_word' id='word_1_30' title='bbox 687 777 796 836; x_wconf 80' lang='lat' dir='ltr'>recenti</span> <span class='ocrx_word' id='word_1_31' title='bbox 816 795 849 836; x_wconf 86' lang='lat' dir='ltr'>re</span> <span class='ocrx_word' id='word_1_32' title='bbox 873 775 1019 856; x_wconf 83' lang='lat' dir='ltr'>reciperet</span> <span class='ocrx_word' id='word_1_33' title='bbox 1042 774 1112 857; x_wconf 85' lang='lat' dir='ltr'>(cfr.</span> <span class='ocrx_word' id='word_1_34' title='bbox 1135 798 1166 858; x_wconf 89' lang='lat' dir='ltr'>p.</span> <span class='ocrx_word' id='word_1_35' title='bbox 1189 776 1244 855; x_wconf 81' lang='lat'>38,</span> 
     </span>
     <span class='ocr_line' id='line_1_6' title="bbox 150 879 1242 965; baseline 0 -21"><span class='ocrx_word' id='word_1_36' title='bbox 150 879 194 963; x_wconf 73' lang='grc'>4.)</span> <span class='ocrx_word' id='word_1_37' title='bbox 215 883 438 963; x_wconf 80' lang='lat' dir='ltr'>verbumsnit,</span> <span class='ocrx_word' id='word_1_38' title='bbox 468 883 550 965; x_wconf 91' lang='lat' dir='ltr'>quod</span> <span class='ocrx_word' id='word_1_39' title='bbox 580 884 612 943; x_wconf 91' lang='lat' dir='ltr'>in</span> <span class='ocrx_word' id='word_1_40' title='bbox 645 882 786 944; x_wconf 90' lang='lat' dir='ltr'>omnibus</span> <span class='ocrx_word' id='word_1_41' title='bbox 817 882 905 943; x_wconf 90' lang='lat' dir='ltr'>codd.</span> <span class='ocrx_word' id='word_1_42' title='bbox 925 883 1087 964; x_wconf 85' lang='lat' dir='ltr'>reperitur,</span> <span class='ocrx_word' id='word_1_43' title='bbox 1120 884 1242 962; x_wconf 88' lang='lat' dir='ltr'>abiecit,</span> 
     </span>
     <span class='ocr_line' id='line_1_7' title="bbox 150 976 1241 1073; baseline 0 -22"><span class='ocrx_word' id='word_1_44' title='bbox 150 992 347 1053; x_wconf 89' lang='lat' dir='ltr'>incommodo</span> <span class='ocrx_word' id='word_1_45' title='bbox 365 991 456 1071; x_wconf 92' lang='lat' dir='ltr'>loco,</span> <span class='ocrx_word' id='word_1_46' title='bbox 485 1013 547 1073; x_wconf 85' lang='lat' dir='ltr'>quo</span> <span class='ocrx_word' id='word_1_47' title='bbox 565 989 643 1052; x_wconf 83' lang='lat' dir='ltr'>illud</span> <span class='ocrx_word' id='word_1_48' title='bbox 662 994 704 1052; x_wconf 91' lang='lat' dir='ltr'>sic</span> <span class='ocrx_word' id='word_1_49' title='bbox 725 989 906 1072; x_wconf 88' lang='lat' dir='ltr'>ponebatur,</span> <span class='ocrx_word' id='word_1_50' title='bbox 924 976 1044 1065; x_wconf 87' lang='lat' dir='ltr'>ductus,</span> <span class='ocrx_word' id='word_1_51' title='bbox 1067 1001 1102 1051; x_wconf 94' lang='lat' dir='ltr'>ut</span> <span class='ocrx_word' id='word_1_52' title='bbox 1122 994 1241 1071; x_wconf 62' lang='lat' dir='ltr'>opinort</span> 
     </span>
     <span class='ocr_line' id='line_1_8' title="bbox 150 1097 1242 1182; baseline -0.001 -23"><span class='ocrx_word' id='word_1_53' title='bbox 150 1099 213 1160; x_wconf 81' lang='lat' dir='ltr'>Nos</span> <span class='ocrx_word' id='word_1_54' title='bbox 233 1101 358 1182; x_wconf 84' lang='lat' dir='ltr'>optimis</span> <span class='ocrx_word' id='word_1_55' title='bbox 375 1100 462 1164; x_wconf 87' lang='lat' dir='ltr'>libris</span> <span class='ocrx_word' id='word_1_56' title='bbox 481 1099 611 1160; x_wconf 84' lang='lat' dir='ltr'>ducibus</span> <span class='ocrx_word' id='word_1_57' title='bbox 626 1099 678 1161; x_wconf 85' lang='lat' dir='ltr'>vb.</span> <span class='ocrx_word' id='word_1_58' title='bbox 687 1101 758 1179; x_wconf 60' lang='lat' dir='ltr'>ficit</span> <span class='ocrx_word' id='word_1_59' title='bbox 775 1110 846 1181; x_wconf 88' lang='lat' dir='ltr'>post</span> <span class='ocrx_word' id='word_1_60' title='bbox 865 1113 929 1160; x_wconf 76' lang='lat' dir='ltr'>nem</span> <span class='ocrx_word' id='word_1_61' title='bbox 945 1097 1176 1179; x_wconf 81' lang='lat' dir='ltr'>collocavimus,¹</span> <span class='ocrx_word' id='word_1_62' title='bbox 1187 1098 1242 1158; x_wconf 88' lang='lat' dir='ltr'>ubi</span> 
     </span>
     <span class='ocr_line' id='line_1_9' title="bbox 151 1202 706 1290; baseline -0.004 -22"><span class='ocrx_word' id='word_1_63' title='bbox 151 1206 229 1268; x_wconf 84' lang='lat' dir='ltr'>nihil</span> <span class='ocrx_word' id='word_1_64' title='bbox 251 1205 384 1290; x_wconf 90' lang='lat' dir='ltr'>amplius</span> <span class='ocrx_word' id='word_1_65' title='bbox 405 1206 581 1269; x_wconf 80' lang='lat' dir='ltr'>offensionis</span> <span class='ocrx_word' id='word_1_66' title='bbox 600 1202 706 1285; x_wconf 54' lang='lat' dir='ltr'>¹habete</span> 
     </span>
     <span class='ocr_line' id='line_1_10' title="bbox 211 1298 1246 1402; baseline 0.002 -28"><span class='ocrx_word' id='word_1_67' title='bbox 211 1313 294 1402; x_wconf 59' lang='grc' dir='ltr'>ι36,</span> <span class='ocrx_word' id='word_1_68' title='bbox 320 1334 351 1374; x_wconf 83' lang='lat'>2.</span> <span class='ocrx_word' id='word_1_69' title='bbox 374 1313 405 1373; x_wconf 75' lang='grc' dir='ltr'>ὅ.</span> <span class='ocrx_word' id='word_1_70' title='bbox 430 1308 896 1396; x_wconf 69' lang='lat' dir='ltr'>praediun-accommodante]</span> <span class='ocrx_word' id='word_1_71' title='bbox 937 1298 1089 1375; x_wconf 79' lang='lat' dir='ltr'>Revocavi</span> <span class='ocrx_word' id='word_1_72' title='bbox 1109 1314 1246 1397; x_wconf 76' lang='lat' dir='ltr'>priscani</span> 
     </span>
     <span class='ocr_line' id='line_1_11' title="bbox 150 1420 1241 1504; baseline 0.003 -22"><span class='ocrx_word' id='word_1_73' title='bbox 150 1430 289 1482; x_wconf 82' lang='lat' dir='ltr'>veterum</span> <span class='ocrx_word' id='word_1_74' title='bbox 312 1420 382 1486; x_wconf 88' lang='lat' dir='ltr'>edd.</span> <span class='ocrx_word' id='word_1_75' title='bbox 402 1424 603 1503; x_wconf 73' lang='lat' dir='ltr'><strong>scripturam,</strong></span> <span class='ocrx_word' id='word_1_76' title='bbox 629 1444 722 1504; x_wconf 84' lang='lat' dir='ltr'>quam</span> <span class='ocrx_word' id='word_1_77' title='bbox 743 1424 821 1482; x_wconf 87' lang='lat' dir='ltr'>miro</span> <span class='ocrx_word' id='word_1_78' title='bbox 845 1442 992 1482; x_wconf 89' lang='lat' dir='ltr'>consensu</span> <span class='ocrx_word' id='word_1_79' title='bbox 1017 1423 1241 1485; x_wconf 78' lang='lat' dir='ltr'>Florentini-et</span> 
     </span>
     <span class='ocr_line' id='line_1_12' title="bbox 149 1507 1331 1612; baseline 0.004 -23"><span class='ocrx_word' id='word_1_80' title='bbox 149 1529 338 1589; x_wconf 82' lang='lat' dir='ltr'>Oxouienses</span> <span class='ocrx_word' id='word_1_81' title='bbox 358 1549 481 1603; x_wconf 89' lang='lat' dir='ltr'>omues,</span> <span class='ocrx_word' id='word_1_82' title='bbox 513 1529 747 1612; x_wconf 78' lang='lat' dir='ltr'>salisburgensis</span> <span class='ocrx_word' id='word_1_83' title='bbox 768 1539 798 1590; x_wconf 91' lang='lat' dir='ltr'>et</span> <span class='ocrx_word' id='word_1_84' title='bbox 819 1530 1009 1590; x_wconf 84' lang='lat' dir='ltr'>Monacensis</span> <span class='ocrx_word' id='word_1_85' title='bbox 1030 1533 1236 1594; x_wconf 83' lang='lat' dir='ltr'>confirmant:</span> <span class='ocrx_word' id='word_1_86' title='bbox 1329 1507 1331 1511; x_wconf 94' lang='lat'>.</span> 
     </span>
     <span class='ocr_line' id='line_1_13' title="bbox 150 1634 1234 1719; baseline 0.005 -23"><span class='ocrx_word' id='word_1_87' title='bbox 150 1634 186 1696; x_wconf 87' lang='lat' dir='ltr'>de</span> <span class='ocrx_word' id='word_1_88' title='bbox 206 1636 390 1696; x_wconf 88' lang='lat' dir='ltr'>Taurinensi</span> <span class='ocrx_word' id='word_1_89' title='bbox 410 1646 512 1697; x_wconf 89' lang='lat' dir='ltr'>autem</span> <span class='ocrx_word' id='word_1_90' title='bbox 533 1636 631 1697; x_wconf 87' lang='lat' dir='ltr'>fateor</span> <span class='ocrx_word' id='word_1_91' title='bbox 651 1656 700 1696; x_wconf 87' lang='lat' dir='ltr'>me</span> <span class='ocrx_word' id='word_1_92' title='bbox 719 1636 752 1696; x_wconf 91' lang='lat' dir='ltr'>h.</span> <span class='ocrx_word' id='word_1_93' title='bbox 776 1637 797 1698; x_wconf 88' lang='lat' dir='ltr'>l.</span> <span class='ocrx_word' id='word_1_94' title='bbox 818 1658 928 1719; x_wconf 84' lang='lat' dir='ltr'>magno</span> <span class='ocrx_word' id='word_1_95' title='bbox 949 1658 1041 1719; x_wconf 87' lang='lat' dir='ltr'>opere</span> <span class='ocrx_word' id='word_1_96' title='bbox 1075 1638 1234 1701; x_wconf 69' lang='lat' dir='ltr'>dubitares</span> 
     </span>
     <span class='ocr_line' id='line_1_14' title="bbox 149 1742 1237 1828; baseline 0.006 -26"><span class='ocrx_word' id='word_1_97' title='bbox 149 1746 289 1825; x_wconf 82' lang='lat' dir='ltr'>quamvis</span> <span class='ocrx_word' id='word_1_98' title='bbox 324 1745 406 1804; x_wconf 86' lang='lat' dir='ltr'>enim</span> <span class='ocrx_word' id='word_1_99' title='bbox 428 1742 581 1822; x_wconf 87' lang='lat' dir='ltr'>Olivetus,</span> <span class='ocrx_word' id='word_1_100' title='bbox 603 1744 642 1805; x_wconf 87' lang='lat' dir='ltr'>ad</span> <span class='ocrx_word' id='word_1_101' title='bbox 662 1746 749 1806; x_wconf 88' lang='lat' dir='ltr'>cuius</span> <span class='ocrx_word' id='word_1_102' title='bbox 769 1743 933 1806; x_wconf 84' lang='lat' dir='ltr'>editionem</span> <span class='ocrx_word' id='word_1_103' title='bbox 959 1746 1128 1828; x_wconf 85' lang='lat' dir='ltr'>Peyronius</span> <span class='ocrx_word' id='word_1_104' title='bbox 1148 1746 1237 1808; x_wconf 87' lang='lat' dir='ltr'>illum</span> 
     </span>
     <span class='ocr_line' id='line_1_15' title="bbox 148 1851 1235 1937; baseline 0.004 -25"><span class='ocrx_word' id='word_1_105' title='bbox 148 1851 300 1929; x_wconf 87' lang='lat' dir='ltr'>contulit,</span> <span class='ocrx_word' id='word_1_106' title='bbox 322 1853 550 1913; x_wconf 76' lang='lat' dir='ltr'>accommodata</span> <span class='ocrx_word' id='word_1_107' title='bbox 578 1852 725 1927; x_wconf 82' lang='lat' dir='ltr'>ediderit,</span> <span class='ocrx_word' id='word_1_108' title='bbox 763 1862 840 1934; x_wconf 90' lang='lat' dir='ltr'>puto</span> <span class='ocrx_word' id='word_1_109' title='bbox 872 1863 974 1912; x_wconf 83' lang='lat' dir='ltr'>tamen</span> <span class='ocrx_word' id='word_1_110' title='bbox 1016 1856 1117 1913; x_wconf 87' lang='lat' dir='ltr'>virum</span> <span class='ocrx_word' id='word_1_111' title='bbox 1151 1876 1235 1937; x_wconf 83' lang='lat' dir='ltr'>egre-</span> 
     </span>
     <span class='ocr_line' id='line_1_16' title="bbox 147 1957 1236 2041; baseline 0.006 -22"><span class='ocrx_word' id='word_1_112' title='bbox 147 1959 227 2040; x_wconf 77' lang='lat' dir='ltr'>gium</span> <span class='ocrx_word' id='word_1_113' title='bbox 257 1980 315 2041; x_wconf 90' lang='lat' dir='ltr'>pro</span> <span class='ocrx_word' id='word_1_114' title='bbox 335 1960 496 2039; x_wconf 79' lang='lat' dir='ltr'>prudentia</span> <span class='ocrx_word' id='word_1_115' title='bbox 517 1972 584 2040; x_wconf 77' lang='lat' dir='ltr'>sua,</span> <span class='ocrx_word' id='word_1_116' title='bbox 605 1961 631 2021; x_wconf 90' lang='lat' dir='ltr'>si</span> <span class='ocrx_word' id='word_1_117' title='bbox 654 1957 798 2020; x_wconf 87' lang='lat' dir='ltr'>adhunc</span> <span class='ocrx_word' id='word_1_118' title='bbox 821 1959 922 2021; x_wconf 87' lang='lat' dir='ltr'>locum</span> <span class='ocrx_word' id='word_1_119' title='bbox 961 1973 1100 2022; x_wconf 83' lang='lat' dir='ltr'>accurate</span> <span class='ocrx_word' id='word_1_120' title='bbox 1135 1973 1236 2025; x_wconf 57' lang='lat' dir='ltr'>attens</span> 
     </span>
     <span class='ocr_line' id='line_1_17' title="bbox 147 2065 1235 2154; baseline 0.005 -27"><span class='ocrx_word' id='word_1_121' title='bbox 147 2065 256 2147; x_wconf 84' lang='lat' dir='ltr'>disset,</span> <span class='ocrx_word' id='word_1_122' title='bbox 279 2066 371 2128; x_wconf 84' lang='lat' dir='ltr'>etiam</span> <span class='ocrx_word' id='word_1_123' title='bbox 391 2089 573 2130; x_wconf 89' lang='lat' dir='ltr'>consensum</span> <span class='ocrx_word' id='word_1_124' title='bbox 592 2069 777 2152; x_wconf 90' lang='lat' dir='ltr'>palimpsesti</span> <span class='ocrx_word' id='word_1_125' title='bbox 798 2071 844 2131; x_wconf 91' lang='lat' dir='ltr'>sui</span> <span class='ocrx_word' id='word_1_126' title='bbox 866 2071 897 2131; x_wconf 92' lang='lat' dir='ltr'>in</span> <span class='ocrx_word' id='word_1_127' title='bbox 917 2091 952 2130; x_wconf 89' lang='lat' dir='ltr'>ea</span> <span class='ocrx_word' id='word_1_128' title='bbox 965 2070 1127 2154; x_wconf 88' lang='lat' dir='ltr'>scriptura,</span> <span class='ocrx_word' id='word_1_129' title='bbox 1142 2092 1235 2152; x_wconf 79' lang='lat' dir='ltr'>quae,</span> 
     </span>
     <span class='ocr_line' id='line_1_18' title="bbox 146 2175 1234 2257; baseline 0.006 -21"><span class='ocrx_word' id='word_1_130' title='bbox 146 2175 286 2256; x_wconf 84' lang='lat' dir='ltr'>quamvis</span> <span class='ocrx_word' id='word_1_131' title='bbox 304 2175 413 2257; x_wconf 88' lang='lat' dir='ltr'>cupide</span> <span class='ocrx_word' id='word_1_132' title='bbox 436 2176 475 2236; x_wconf 86' lang='lat' dir='ltr'>ab</span> <span class='ocrx_word' id='word_1_133' title='bbox 496 2177 638 2253; x_wconf 79' lang='lat' dir='ltr'>omnibns</span> <span class='ocrx_word' id='word_1_134' title='bbox 658 2177 825 2239; x_wconf 85' lang='lat' dir='ltr'>editoribus</span> <span class='ocrx_word' id='word_1_135' title='bbox 846 2177 1024 2256; x_wconf 87' lang='lat' dir='ltr'>desiderata,</span> <span class='ocrx_word' id='word_1_136' title='bbox 1046 2180 1184 2241; x_wconf 88' lang='lat' dir='ltr'>nondum</span> <span class='ocrx_word' id='word_1_137' title='bbox 1199 2203 1234 2242; x_wconf 86' lang='lat' dir='ltr'>ex</span> 
     </span>
     <span class='ocr_line' id='line_1_19' title="bbox 146 2279 1237 2372; baseline 0.008 -30"><span class='ocrx_word' id='word_1_138' title='bbox 146 2281 206 2345; x_wconf 90' lang='lat' dir='ltr'>ullo</span> <span class='ocrx_word' id='word_1_139' title='bbox 236 2283 343 2344; x_wconf 88' lang='lat' dir='ltr'>codice</span> <span class='ocrx_word' id='word_1_140' title='bbox 371 2304 471 2365; x_wconf 89' lang='lat' dir='ltr'>neque</span> <span class='ocrx_word' id='word_1_141' title='bbox 499 2305 518 2344; x_wconf 88' lang='lat' dir='ltr'>a</span> <span class='ocrx_word' id='word_1_142' title='bbox 544 2286 699 2365; x_wconf 80' lang='lat' dir='ltr'>Gentem,</span> <span class='ocrx_word' id='word_1_143' title='bbox 732 2307 830 2368; x_wconf 87' lang='lat' dir='ltr'>neque</span> <span class='ocrx_word' id='word_1_144' title='bbox 859 2288 1072 2365; x_wconf 77' lang='lat' dir='ltr'>a,Graevio‚&#39;</span> <span class='ocrx_word' id='word_1_145' title='bbox 1094 2279 1237 2372; x_wconf 55' lang='lat' dir='ltr'>neque&#39;s</span> 
     </span>
     <span class='ocr_line' id='line_1_20' title="bbox 144 2392 1234 2473; baseline 0.004 -18"><span class='ocrx_word' id='word_1_146' title='bbox 144 2392 354 2455; x_wconf 83' lang='lat' dir='ltr'>Inllemaudio</span> <span class='ocrx_word' id='word_1_147' title='bbox 374 2397 496 2454; x_wconf 80' lang='lat' dir='ltr'>enotata</span> <span class='ocrx_word' id='word_1_148' title='bbox 516 2399 599 2473; x_wconf 77' lang='lat' dir='ltr'>erat,</span> <span class='ocrx_word' id='word_1_149' title='bbox 629 2395 724 2456; x_wconf 80' lang='lat' dir='ltr'>verbo</span> <span class='ocrx_word' id='word_1_150' title='bbox 744 2395 836 2456; x_wconf 86' lang='lat' dir='ltr'>fuisse</span> <span class='ocrx_word' id='word_1_151' title='bbox 861 2394 1077 2457; x_wconf 86' lang='lat' dir='ltr'>indicaturum.</span> <span class='ocrx_word' id='word_1_152' title='bbox 1136 2399 1234 2459; x_wconf 88' lang='lat' dir='ltr'>Nemo</span> 
     </span>
     <span class='ocr_line' id='line_1_21' title="bbox 144 2500 1236 2587; baseline 0.005 -25"><span class='ocrx_word' id='word_1_153' title='bbox 144 2502 265 2584; x_wconf 83' lang='lat' dir='ltr'>quidem</span> <span class='ocrx_word' id='word_1_154' title='bbox 284 2500 437 2563; x_wconf 85' lang='lat' dir='ltr'>editorum</span> <span class='ocrx_word' id='word_1_155' title='bbox 457 2501 528 2563; x_wconf 89' lang='lat' dir='ltr'>inde</span> <span class='ocrx_word' id='word_1_156' title='bbox 548 2523 567 2562; x_wconf 90' lang='lat' dir='ltr'>a</span> <span class='ocrx_word' id='word_1_157' title='bbox 591 2501 743 2584; x_wconf 83' lang='lat' dir='ltr'>Naugerio</span> <span class='ocrx_word' id='word_1_158' title='bbox 762 2504 906 2564; x_wconf 85' lang='lat' dir='ltr'>iteratum</span> <span class='ocrx_word' id='word_1_159' title='bbox 938 2506 1132 2587; x_wconf 86' lang='lat' dir='ltr'>participium</span> <span class='ocrx_word' id='word_1_160' title='bbox 1162 2507 1236 2567; x_wconf 85' lang='lat' dir='ltr'>ferri</span> 
     </span>
     <span class='ocr_line' id='line_1_22' title="bbox 143 2609 1234 2693; baseline 0.004 -23"><span class='ocrx_word' id='word_1_161' title='bbox 143 2628 227 2689; x_wconf 87' lang='lat' dir='ltr'>posse</span> <span class='ocrx_word' id='word_1_162' title='bbox 256 2609 392 2670; x_wconf 85' lang='lat' dir='ltr'>censuit:</span> <span class='ocrx_word' id='word_1_163' title='bbox 427 2617 480 2668; x_wconf 87' lang='lat' dir='ltr'>aut</span> <span class='ocrx_word' id='word_1_164' title='bbox 509 2609 593 2690; x_wconf 84' lang='lat' dir='ltr'>prius</span> <span class='ocrx_word' id='word_1_165' title='bbox 629 2609 787 2693; x_wconf 82' lang='lat' dir='ltr'>praeditus</span> <span class='ocrx_word' id='word_1_166' title='bbox 815 2631 849 2671; x_wconf 85' lang='lat' dir='ltr'>ex</span> <span class='ocrx_word' id='word_1_167' title='bbox 877 2609 1023 2672; x_wconf 89' lang='lat' dir='ltr'>Gulielmi</span> <span class='ocrx_word' id='word_1_168' title='bbox 1054 2613 1234 2674; x_wconf 83' lang='lat' dir='ltr'>coniectura</span> 
     </span>
     <span class='ocr_line' id='line_1_23' title="bbox 142 2716 1233 2800; baseline 0.002 -21"><span class='ocrx_word' id='word_1_169' title='bbox 142 2720 283 2799; x_wconf 83' lang='lat' dir='ltr'>eiectum,</span> <span class='ocrx_word' id='word_1_170' title='bbox 295 2719 586 2780; x_wconf 77' lang='lat' dir='ltr'>autuccommodata</span> <span class='ocrx_word' id='word_1_171' title='bbox 608 2719 723 2780; x_wconf 89' lang='lat' dir='ltr'>editum</span> <span class='ocrx_word' id='word_1_172' title='bbox 743 2729 788 2779; x_wconf 86' lang='lat' dir='ltr'>cst</span> <span class='ocrx_word' id='word_1_173' title='bbox 805 2740 862 2800; x_wconf 88' lang='lat' dir='ltr'>pro</span> <span class='ocrx_word' id='word_1_174' title='bbox 877 2716 1124 2781; x_wconf 82' lang='lat' dir='ltr'>accommodatus.</span> <span class='ocrx_word' id='word_1_175' title='bbox 1144 2718 1233 2781; x_wconf 89' lang='lat' dir='ltr'>Hanc</span> 
     </span>
     <span class='ocr_line' id='line_1_24' title="bbox 142 2822 1232 2906; baseline 0.004 -22"><span class='ocrx_word' id='word_1_176' title='bbox 142 2823 269 2886; x_wconf 82' lang='lat' dir='ltr'>alterum</span> <span class='ocrx_word' id='word_1_177' title='bbox 299 2835 400 2884; x_wconf 91' lang='lat' dir='ltr'>autem</span> <span class='ocrx_word' id='word_1_178' title='bbox 421 2825 580 2898; x_wconf 85' lang='lat' dir='ltr'>rationem,</span> <span class='ocrx_word' id='word_1_179' title='bbox 605 2827 743 2906; x_wconf 70' lang='lat' dir='ltr'>quamtis</span> <span class='ocrx_word' id='word_1_180' title='bbox 763 2822 915 2906; x_wconf 85' lang='lat' dir='ltr'>plerisque</span> <span class='ocrx_word' id='word_1_181' title='bbox 937 2823 1104 2906; x_wconf 83' lang='lat' dir='ltr'>placuerit,</span> <span class='ocrx_word' id='word_1_182' title='bbox 1139 2830 1232 2888; x_wconf 65' lang='lat' dir='ltr'>mini⁴</span> 
     </span>
     <span class='ocr_line' id='line_1_25' title="bbox 98 2928 1231 3016; baseline 0.004 -24"><span class='ocrx_word' id='word_1_183' title='bbox 98 2936 101 2940; x_wconf 77' lang='grc'><strong>’</strong></span> <span class='ocrx_word' id='word_1_184' title='bbox 140 2950 186 2992; x_wconf 83' lang='lat' dir='ltr'>me</span> <span class='ocrx_word' id='word_1_185' title='bbox 206 2928 398 3014; x_wconf 84' lang='lat' dir='ltr'>probandam</span> <span class='ocrx_word' id='word_1_186' title='bbox 420 2951 482 2992; x_wconf 88' lang='lat' dir='ltr'>esse</span> <span class='ocrx_word' id='word_1_187' title='bbox 498 2942 591 3013; x_wconf 87' lang='lat' dir='ltr'>puto:</span> <span class='ocrx_word' id='word_1_188' title='bbox 615 2953 664 2992; x_wconf 90' lang='lat' dir='ltr'>ars</span> <span class='ocrx_word' id='word_1_189' title='bbox 685 2933 775 3006; x_wconf 79' lang='lat' dir='ltr'>cuim,</span> <span class='ocrx_word' id='word_1_190' title='bbox 793 2953 872 3013; x_wconf 86' lang='lat' dir='ltr'>quae</span> <span class='ocrx_word' id='word_1_191' title='bbox 892 2953 948 2991; x_wconf 83' lang='lat' dir='ltr'>uos</span> <span class='ocrx_word' id='word_1_192' title='bbox 969 2931 1008 2990; x_wconf 87' lang='lat' dir='ltr'>ad</span> <span class='ocrx_word' id='word_1_193' title='bbox 1029 2932 1144 3014; x_wconf 89' lang='lat' dir='ltr'>aliquid</span> <span class='ocrx_word' id='word_1_194' title='bbox 1159 2957 1231 3016; x_wconf 59' lang='lat' dir='ltr'>per-¹</span> 
     </span>
     <span class='ocr_line' id='line_1_26' title="bbox 140 3037 1230 3126; baseline 0.005 -28"><span class='ocrx_word' id='word_1_195' title='bbox 140 3037 302 3122; x_wconf 79' lang='lat' dir='ltr'>finiendum</span> <span class='ocrx_word' id='word_1_196' title='bbox 324 3038 566 3099; x_wconf 84' lang='lat' dir='ltr'>accommodatos</span> <span class='ocrx_word' id='word_1_197' title='bbox 588 3037 676 3112; x_wconf 81' lang='lat' dir='ltr'>lacit,</span> <span class='ocrx_word' id='word_1_198' title='bbox 700 3040 750 3099; x_wconf 87' lang='lat' dir='ltr'>vix</span> <span class='ocrx_word' id='word_1_199' title='bbox 771 3041 836 3121; x_wconf 80' lang='lat' dir='ltr'>ipsa</span> <span class='ocrx_word' id='word_1_200' title='bbox 856 3061 874 3099; x_wconf 90' lang='lat' dir='ltr'>a</span> <span class='ocrx_word' id='word_1_201' title='bbox 896 3039 1041 3099; x_wconf 79' lang='lat' dir='ltr'>Cicerone</span> <span class='ocrx_word' id='word_1_202' title='bbox 1060 3040 1098 3099; x_wconf 86' lang='lat' dir='ltr'>ad</span> <span class='ocrx_word' id='word_1_203' title='bbox 1113 3040 1230 3126; x_wconf 86' lang='lat' dir='ltr'>aliquid</span> 
     </span>
     <span class='ocr_line' id='line_1_27' title="bbox 139 3143 1228 3230; baseline 0.004 -26"><span class='ocrx_word' id='word_1_204' title='bbox 139 3143 386 3230; x_wconf 23' lang='lat' dir='ltr'>accommodata,</span> <span class='ocrx_word' id='word_1_205' title='bbox 405 3143 465 3203; x_wconf 88' lang='lat' dir='ltr'>dici</span> <span class='ocrx_word' id='word_1_206' title='bbox 491 3147 603 3223; x_wconf 89' lang='lat' dir='ltr'>potuit.</span> <span class='ocrx_word' id='word_1_207' title='bbox 645 3143 753 3203; x_wconf 79' lang='lat' dir='ltr'>Sanior</span> <span class='ocrx_word' id='word_1_208' title='bbox 777 3145 901 3204; x_wconf 88' lang='lat' dir='ltr'>omniuo</span> <span class='ocrx_word' id='word_1_209' title='bbox 924 3146 1072 3204; x_wconf 82' lang='lat' dir='ltr'>sententia</span> <span class='ocrx_word' id='word_1_210' title='bbox 1094 3168 1156 3207; x_wconf 90' lang='lat' dir='ltr'>esse</span> <span class='ocrx_word' id='word_1_211' title='bbox 1171 3150 1228 3208; x_wconf 63' lang='lat' dir='ltr'>„vi-</span> 
     </span>
     <span class='ocr_line' id='line_1_28' title="bbox 136 3250 1229 3334; baseline 0.002 -21"><span class='ocrx_word' id='word_1_212' title='bbox 136 3250 271 3326; x_wconf 85' lang='lat' dir='ltr'>detur,si</span> <span class='ocrx_word' id='word_1_213' title='bbox 285 3250 479 3333; x_wconf 84' lang='lat' dir='ltr'>participium</span> <span class='ocrx_word' id='word_1_214' title='bbox 489 3250 648 3334; x_wconf 73' lang='lat' dir='ltr'>praediun</span> <span class='ocrx_word' id='word_1_215' title='bbox 669 3270 740 3309; x_wconf 91' lang='lat' dir='ltr'>cum</span> <span class='ocrx_word' id='word_1_216' title='bbox 749 3250 900 3312; x_wconf 89' lang='lat' dir='ltr'>Gulielmo</span> <span class='ocrx_word' id='word_1_217' title='bbox 919 3251 1055 3331; x_wconf 89' lang='lat' dir='ltr'>damnes,</span> <span class='ocrx_word' id='word_1_218' title='bbox 1065 3252 1156 3315; x_wconf 89' lang='lat' dir='ltr'>modo</span> <span class='ocrx_word' id='word_1_219' title='bbox 1180 3254 1229 3315; x_wconf 89' lang='lat' dir='ltr'>ul-·</span> 
     </span>
     <span class='ocr_line' id='line_1_29' title="bbox 136 3356 1230 3443; baseline 0.002 -23"><span class='ocrx_word' id='word_1_220' title='bbox 136 3356 200 3420; x_wconf 89' lang='lat' dir='ltr'>lum</span> <span class='ocrx_word' id='word_1_221' title='bbox 221 3358 256 3418; x_wconf 89' lang='lat' dir='ltr'>iu</span> <span class='ocrx_word' id='word_1_222' title='bbox 276 3357 367 3419; x_wconf 56' lang='lat' dir='ltr'>eodds</span> <span class='ocrx_word' id='word_1_223' title='bbox 392 3358 483 3418; x_wconf 88' lang='lat' dir='ltr'>huius</span> <span class='ocrx_word' id='word_1_224' title='bbox 502 3356 741 3440; x_wconf 84' lang='lat' dir='ltr'>interpolationis</span> <span class='ocrx_word' id='word_1_225' title='bbox 760 3358 920 3441; x_wconf 84' lang='lat' dir='ltr'>vestigium</span> <span class='ocrx_word' id='word_1_226' title='bbox 942 3371 1097 3442; x_wconf 85' lang='lat' dir='ltr'>appareat.</span> <span class='ocrx_word' id='word_1_227' title='bbox 1130 3361 1230 3443; x_wconf 88' lang='lat' dir='ltr'>Equi··</span> 
     </span>
     <span class='ocr_line' id='line_1_30' title="bbox 136 3463 1230 3549; baseline 0.002 -22"><span class='ocrx_word' id='word_1_228' title='bbox 136 3463 230 3543; x_wconf 87' lang='lat' dir='ltr'>dem,</span> <span class='ocrx_word' id='word_1_229' title='bbox 255 3466 281 3526; x_wconf 86' lang='lat' dir='ltr'>si</span> <span class='ocrx_word' id='word_1_230' title='bbox 304 3464 378 3548; x_wconf 87' lang='lat' dir='ltr'>qnid</span> <span class='ocrx_word' id='word_1_231' title='bbox 399 3464 580 3526; x_wconf 86' lang='lat' dir='ltr'>mutandum</span> <span class='ocrx_word' id='word_1_232' title='bbox 603 3474 671 3542; x_wconf 88' lang='lat' dir='ltr'>est,</span> <span class='ocrx_word' id='word_1_233' title='bbox 696 3485 753 3548; x_wconf 87' lang='lat' dir='ltr'>pro</span> <span class='ocrx_word' id='word_1_234' title='bbox 769 3465 925 3549; x_wconf 73' lang='lat' dir='ltr'>praedices</span> <span class='ocrx_word' id='word_1_235' title='bbox 944 3467 1046 3548; x_wconf 87' lang='lat' dir='ltr'>potius</span> <span class='ocrx_word' id='word_1_236' title='bbox 1067 3468 1230 3549; x_wconf 70' lang='lat' dir='ltr'>rescripse-=</span> 
     </span>
     <span class='ocr_line' id='line_1_31' title="bbox 103 3572 1229 3658; baseline 0.002 -24"><span class='ocrx_word' id='word_1_237' title='bbox 103 3604 105 3608; x_wconf 44' lang='lat'><em>⁷</em></span> <span class='ocrx_word' id='word_1_238' title='bbox 135 3574 192 3635; x_wconf 82' lang='lat' dir='ltr'>rim</span> <span class='ocrx_word' id='word_1_239' title='bbox 238 3572 419 3658; x_wconf 84' lang='lat' dir='ltr'>praecipue.</span> <span class='ocrx_word' id='word_1_240' title='bbox 486 3572 547 3634; x_wconf 92' lang='lat' dir='ltr'>Sed</span> <span class='ocrx_word' id='word_1_241' title='bbox 579 3573 705 3635; x_wconf 86' lang='lat' dir='ltr'>fortasse</span> <span class='ocrx_word' id='word_1_242' title='bbox 735 3583 900 3658; x_wconf 78' lang='lat' dir='ltr'>utrumque</span> <span class='ocrx_word' id='word_1_243' title='bbox 921 3576 1127 3656; x_wconf 78' lang='lat' dir='ltr'>participium,</span> <span class='ocrx_word' id='word_1_244' title='bbox 1149 3577 1229 3636; x_wconf 88' lang='lat' dir='ltr'>sicut</span> 
     </span>
     <span class='ocr_line' id='line_1_32' title="bbox 135 3658 1227 3764; baseline 0.002 -22"><span class='ocrx_word' id='word_1_245' title='bbox 135 3680 166 3744; x_wconf 91' lang='lat' dir='ltr'>in</span> <span class='ocrx_word' id='word_1_246' title='bbox 197 3681 342 3742; x_wconf 88' lang='lat' dir='ltr'>omnibus</span> <span class='ocrx_word' id='word_1_247' title='bbox 371 3677 459 3746; x_wconf 82' lang='lat' dir='ltr'>Mss.</span> <span class='ocrx_word' id='word_1_248' title='bbox 495 3681 632 3764; x_wconf 78' lang='lat' dir='ltr'>legitur,</span> <span class='ocrx_word' id='word_1_249' title='bbox 667 3679 789 3742; x_wconf 87' lang='lat' dir='ltr'>defendi</span> <span class='ocrx_word' id='word_1_250' title='bbox 821 3691 920 3764; x_wconf 88' lang='lat' dir='ltr'>potest</span> <span class='ocrx_word' id='word_1_251' title='bbox 948 3658 1011 3759; x_wconf 79' lang='lat' dir='ltr'>ita,</span> <span class='ocrx_word' id='word_1_252' title='bbox 1030 3695 1067 3742; x_wconf 89' lang='lat' dir='ltr'>ut</span> <span class='ocrx_word' id='word_1_253' title='bbox 1096 3682 1227 3744; x_wconf 81' lang='lat' dir='ltr'>alterurn</span> 
     </span>
     <span class='ocr_line' id='line_1_33' title="bbox 135 3785 1227 3875; baseline 0.001 -25"><span class='ocrx_word' id='word_1_254' title='bbox 135 3801 198 3850; x_wconf 64' lang='lat' dir='ltr'>erm</span> <span class='ocrx_word' id='word_1_255' title='bbox 216 3789 353 3875; x_wconf 66' lang='lat' dir='ltr'>pendam</span> <span class='ocrx_word' id='word_1_256' title='bbox 368 3787 526 3872; x_wconf 78' lang='lat' dir='ltr'>praeditus</span> <span class='ocrx_word' id='word_1_257' title='bbox 547 3790 687 3869; x_wconf 67' lang='lat' dir='ltr'>causam]</span> <span class='ocrx_word' id='word_1_258' title='bbox 703 3787 825 3848; x_wconf 84' lang='lat' dir='ltr'>alterius</span> <span class='ocrx_word' id='word_1_259' title='bbox 836 3785 907 3871; x_wconf 45' lang='lat' dir='ltr'>{lad</span> <span class='ocrx_word' id='word_1_260' title='bbox 928 3788 1068 3849; x_wconf 83' lang='lat' dir='ltr'>libidines</span> <span class='ocrx_word' id='word_1_261' title='bbox 1088 3791 1227 3851; x_wconf 81' lang='lat' dir='ltr'>excitan-</span> 
     </span>
     <span class='ocr_line' id='line_1_34' title="bbox 135 3895 1228 3979; baseline 0.001 -23"><span class='ocrx_word' id='word_1_262' title='bbox 135 3897 189 3957; x_wconf 81' lang='lat' dir='ltr'>das</span> <span class='ocrx_word' id='word_1_263' title='bbox 223 3897 461 3979; x_wconf 64' lang='lat' dir='ltr'>accommodatio</span> <span class='ocrx_word' id='word_1_264' title='bbox 494 3898 668 3972; x_wconf 87' lang='lat' dir='ltr'>contiueat,</span> <span class='ocrx_word' id='word_1_265' title='bbox 700 3906 731 3958; x_wconf 90' lang='lat' dir='ltr'>et</span> <span class='ocrx_word' id='word_1_266' title='bbox 751 3899 783 3956; x_wconf 89' lang='lat' dir='ltr'>iu</span> <span class='ocrx_word' id='word_1_267' title='bbox 804 3895 928 3958; x_wconf 86' lang='lat' dir='ltr'>brevius</span> <span class='ocrx_word' id='word_1_268' title='bbox 958 3908 1147 3957; x_wconf 86' lang='lat' dir='ltr'>contractum</span> <span class='ocrx_word' id='word_1_269' title='bbox 1168 3898 1228 3957; x_wconf 89' lang='lat' dir='ltr'>hoc</span> 
     </span>
     <span class='ocr_line' id='line_1_35' title="bbox 136 4003 1231 4092; baseline -0.005 -26"><span class='ocrx_word' id='word_1_270' title='bbox 136 4004 272 4068; x_wconf 85' lang='lat' dir='ltr'>dicatur:</span> <span class='ocrx_word' id='word_1_271' title='bbox 295 4007 368 4067; x_wconf 82' lang='lat' dir='ltr'>Fuit</span> <span class='ocrx_word' id='word_1_272' title='bbox 389 4005 533 4084; x_wconf 76' lang='lat' dir='ltr'>Avillius,</span> <span class='ocrx_word' id='word_1_273' title='bbox 554 4006 629 4092; x_wconf 82' lang='lat' dir='ltr'>qnia</span> <span class='ocrx_word' id='word_1_274' title='bbox 650 4020 714 4066; x_wconf 84' lang='lat' dir='ltr'>arte</span> <span class='ocrx_word' id='word_1_275' title='bbox 733 4005 867 4091; x_wconf 71' lang='lat' dir='ltr'>piendam</span> <span class='ocrx_word' id='word_1_276' title='bbox 888 4003 938 4066; x_wconf 83' lang='lat' dir='ltr'>ad</span> <span class='ocrx_word' id='word_1_277' title='bbox 957 4005 995 4065; x_wconf 83' lang='lat' dir='ltr'>id</span> <span class='ocrx_word' id='word_1_278' title='bbox 1016 4008 1111 4090; x_wconf 74' lang='lat' dir='ltr'>sperem</span> <span class='ocrx_word' id='word_1_279' title='bbox 1129 4024 1231 4088; x_wconf 59' lang='lat' dir='ltr'>praes.</span> 
     </span>
     <span class='ocr_line' id='line_1_36' title="bbox 136 4110 1228 4196; baseline 0.004 -26"><span class='ocrx_word' id='word_1_280' title='bbox 136 4110 212 4174; x_wconf 77' lang='lat' dir='ltr'>diues</span> <span class='ocrx_word' id='word_1_281' title='bbox 232 4125 312 4189; x_wconf 82' lang='lat' dir='ltr'>erat,</span> <span class='ocrx_word' id='word_1_282' title='bbox 336 4112 384 4175; x_wconf 83' lang='lat' dir='ltr'>ad</span> <span class='ocrx_word' id='word_1_283' title='bbox 402 4112 541 4174; x_wconf 84' lang='lat' dir='ltr'>libidines</span> <span class='ocrx_word' id='word_1_284' title='bbox 562 4111 739 4174; x_wconf 75' lang='lat' dir='ltr'>encitondas</span> <span class='ocrx_word' id='word_1_285' title='bbox 760 4112 1011 4180; x_wconf 72' lang='lat' dir='ltr'>accommodatus.</span> <span class='ocrx_word' id='word_1_286' title='bbox 1052 4113 1228 4196; x_wconf 74' lang='lat' dir='ltr'>Utrumque</span> 
     </span>
    </p>
   </div>
   <div class='ocr_carea' id='block_1_3' title="bbox 0 0 1372 4696">
    <p class='ocr_par' dir='ltr' id='par_1_3' title="bbox 0 0 1372 4696">
     <span class='ocr_line' id='line_1_37' title="bbox 0 0 1372 4696; baseline 0 5"><span class='ocrx_word' id='word_1_287' title='bbox 0 0 1372 4696; x_wconf 95' lang='lat' dir='ltr'> </span> 
     </span>
    </p>
   </div>
  </div>
 </body>
</html>
