2736 4696
244 313 313 388 ,30
653 304 903 370 annonario

240 490 386 550 sententia
412 490 555 573 profecit:
589 491 631 550 sic
652 490 731 551 enim
754 501 784 551 et
805 511 912 566 causa,
933 498 1165 573 propterquam
1187 485 1322 546 severio-

238 615 287 657 res
305 595 416 656 iudices
441 599 483 657 sic
510 597 745 679 pronuntiabant
769 594 837 681 (qui
854 599 908 657 hoc
925 606 1094 656 stamemnt
1115 627 1151 644 -
1173 599 1324 676 oportere)

239 705 388 783 etipsum
409 703 524 763 sactum
550 703 619 782 (etsi
641 738 677 752 -
698 737 737 750 -—
755 703 901 787 putabant
920 697 1068 786 oportere)
1097 709 1178 761 recte
1215 697 1323 780 dispo-

239 812 295 870 sita
324 809 433 870 clarius
463 809 601 888 elucent3
636 805 707 871 tum'
735 812 825 870 etiam
854 808 1050 890 praecedente
1070 805 1124 868 illo
1151 807 1207 866 etri
1218 848 1229 886 ,
1250 825 1322 887 par-

237 917 359 990 ticulae,
390 938 468 1003 quae
504 928 681 999 sequuntur,
719 931 822 979 tamen
858 912 951 978 nitito
982 917 1077 977 mium
1111 912 1229 975 babent
1260 930 1322 993 quo

205 1012 381 1086 'mantua

321 1142 383 1224 56,
404 1169 434 1229 7.
455 1166 597 1206 summam
618 1145 668 1204 illi
692 1144 800 1204 iudicio
825 1140 990 1225 invidiam]
1033 1141 1122 1203 Haec
1157 1141 1320 1223 scriptura,

245 1251 284 1313 de
312 1272 373 1333 qua
402 1272 492 1312 nemo
514 1250 605 1310 bodie
625 1249 763 1328 dubitat,
788 1253 908 1310 nonnisi
928 1249 1039 1310 codicis
1056 1247 1090 1308 S.
1109 1246 1247 1307 Victoris
1266 1267 1321 1306 au·

245 1357 395 1432 ctoritate,
426 1366 572 1436 quantum
608 1366 715 1416 notum
744 1367 827 1432 erat,
850 1354 1017 1416 nitebatur:
1040 1373 1121 1414 nunc
1142 1353 1268 1414 demum
1282 1350 1322 1414 ad

239 1461 475 1545 confirmandam
495 1460 585 1521 fidem
613 1449 720 1543 optimi
749 1462 843 1521 nostri
867 1461 1032 1520 accedunt:
1063 1459 1172 1543 reliqui
1200 1479 1319 1536 omnes,

239 1577 387 1651 quotquot
406 1587 424 1626 a
446 1566 519 1627 viris
545 1567 641 1627 doctis
674 1568 797 1648 inspecti
819 1576 923 1639 erant,
946 1565 1076 1627 verbum
1097 1565 1210 1625 iudicio
1229 1563 1318 1623 omit·

237 1685 316 1740 tunt.
357 1670 416 1733 Sed
444 1683 479 1731 ut
506 1672 563 1733 boc
584 1671 644 1731 dici
665 1672 813 1752 potuerit,
835 1672 917 1753 quod
938 1682 1039 1731 tamen
1057 1673 1107 1731 vix
1130 1693 1149 1732 a
1172 1670 1320 1732 Cicerone

239 1769 316 1842 esset
350 1799 546 1863 concessum,
580 1799 730 1839 summam
767 1778 902 1838 Cluentio
930 1778 1075 1837 invidiam
1104 1788 1135 1837 et
1162 1776 1319 1839 infamiam

237 1897 304 1947 tum
332 1885 420 1945 fuisse
457 1882 637 1956 conflatam,
660 1870 812 1965 quomodo
835 1883 911 1944 illud
933 1896 1012 1944 stare
1037 1885 1155 1965 potuit:
1182 1886 1216 1944 in
1238 1884 1316 1945 banc

238 1989 364 2053 alterius
391 1987 543 2049 flammam
572 1989 703 2050 invidiae
738 1988 775 2049 C.
808 1990 928 2049 Iunium
956 1991 1099 2050 iniectum
1131 1993 1225 2079 esset
1265 1989 1319 2051 Est

239 2098 363 2163 omnino
389 2095 493 2155 iudicii
523 2094 603 2154 illius
632 2093 772 2168 infamia,
803 2098 836 2153 in
868 2116 960 2176 quam
987 2117 1114 2175 omnes,
1148 2116 1228 2179 quae
1256 2104 1321 2157 tum

239 2204 451 2290 sequebantur,
464 2223 570 2284 causae
590 2180 767 2284 contagione
779 2202 909 2284 quadam
930 2203 1139 2269 incurrebant.

323 2349 354 2412 9.
378 2338 521 2386 recentem
548 2324 624 2407 tum]
653 2326 848 2386 Restituimus
876 2348 911 2386 ex
941 2326 1030 2388 MSS.
1059 2326 1150 2409 longe
1174 2324 1322 2409 plerisque

241 2431 427 2520 particulam
453 2443 525 2508 tum,
559 2453 637 2512 quae
664 2454 734 2493 cum
754 2433 902 2494 adiectivo
923 2449 1065 2495 recemem
1089 2443 1172 2495 arcte
1192 2453 1322 2494 conuem

242 2560 338 2624 paene
359 2537 525 2597 necessaria
547 2548 608 2614 est,
631 2548 666 2598 ut
688 2536 849 2598 lunianum
870 2540 1015 2600 iudicium
1034 2540 1120 2605 brevi
1139 2552 1210 2623 post
1227 2551 1320 2602 actam

243 2647 405 2730 Oppianici
428 2665 549 2705 causam
572 2642 710 2702 habitum
734 2664 797 2703 csse
816 2655 970 2726 appareat.
1005 2630 1185 2728 Saepissime
1204 2663 1320 2729 quoque

244 2777 264 2816 a
282 2755 425 2816 Cicerone
456 2764 517 2812 tum
538 2748 686 2811 adiectivo
713 2771 815 2813 recem
835 2753 1006 2815 adnectitur
1025 2775 1055 2822 v.
1076 2775 1105 2813 c.
1131 2774 1161 2815 c.
1188 2754 1236 2818 ιδ,
1256 2738 1318 2839 init

245 2882 272 2927 c.
293 2863 344 2924 δι.
366 2859 416 2940 84.

331 2983 381 3043 15.
401 2981 456 3041 sed
475 2978 619 3062 clamore]
661 2980 806 3041 Traxerat
825 2981 875 3042 hic
893 2981 979 3045 locus
1002 3003 1037 3044 ex
1058 2985 1250 3068 Repetitione
1268 3001 1329 3065 noy

246 3091 357 3164 minis,
378 3089 569 3171 quodmodo
589 3087 802 3170 praecedebat,
835 3091 964 3168 vitium,
986 3091 1068 3173 quod
1099 3080 1183 3152 nunc
1203 3070 1315 3151 demum

168 3190 175 3204 ,
247 3194 439 3265 sustulimus:
462 3216 532 3253 nam
559 3193 635 3253 nibil
655 3195 753 3255 bonae
770 3196 862 3277 frugis
881 3198 914 3255 iu
937 3174 1070 3278 genitivo
1090 3191 1314 3279 homimumqul

188 3381 193 3390 ,
248 3301 340 3383 vulgo
369 3297 478 3381 legitur
510 3308 578 3378 post
611 3319 679 3359 voc.
713 3300 856 3390 clamore.
896 3301 971 3361 Erat
993 3303 1093 3382 potius
1113 3299 1230 3363 clamor
1248 3321 1266 3361 a
1282 3298 1325 3358 n·
1356 3364 1359 3407 i

249 3407 408 3486 Quinctio,
428 3405 551 3466 homine
572 3406 757 3482 turbulento,
781 3409 915 3470 sublatus
935 3421 965 3470 et
986 3411 1142 3469 excitatus.

332 3545 390 3623 58,
416 3567 441 3605 1.
461 3547 527 3606 iam
547 3548 761 3608 multitudinem
774 3551 936 3610 'criminum
953 3563 982 3609 et
1000 3546 1200 3635 coornatam]
1241 3550 1310 3612 Prae

248 3661 297 3712 ter
308 3652 445 3712 ordinem
455 3653 617 3712 verborum
638 3675 672 3714 ex
685 3665 759 3737 optt.
782 3656 871 3716 codd.
893 3656 1085 3717 emendatum
1105 3667 1310 3740 opportunae!

250 3757 356 3819 iisdem
379 3740 567 3838 particulam*
580 3759 641 3818 iam
663 3780 718 3841 pro
739 3754 861 3841 vulgato
882 3761 978 3845 ipsam
998 3764 1078 3821 nacti
1099 3783 1222 3824 sumust
1243 3753 1310 3844 quod

250 3885 373 3948 prorsus
398 3863 487 3924 buius
521 3864 579 3926 loci
609 3886 669 3925 non
706 3875 788 3925 erat:
816 3887 887 3926 nam
915 3867 1011 3950 ipram
1031 3869 1073 3928 sic
1095 3867 1220 3930 demum
1246 3871 1310 3927 racc

250 3971 329 4032 foret
349 3971 537 4052 oppositum,
559 3972 584 4031 si
604 3970 765 4030 multitudo
785 3971 945 4033 criminum
968 3984 998 4034 et
1017 3975 1160 4038 atrocitas
1177 3997 1238 4037 non
1254 3970 1309 4035 satit

234 4050 391 4141 ¹idoneitas
426 4075 543 4143 timoris
569 4095 688 4137 causam
714 4077 747 4135 in
774 4095 805 4136 se
831 4075 975 4141 baberet:
1011 4100 1108 4164 quum
1141 4091 1244 4145 tamen
1271 4071 1309 4140 vd
