2736 4696
192 270 229 322 tr

214 526 217 532 Ι
278 437 458 503 Octodecim
472 437 535 500 sere
547 459 662 500 menses
678 446 760 514 sunt,
774 455 869 521 quum
890 432 1177 499 NIEBUHRIUS
1194 436 1282 519 (quae

194 584 240 636 est
269 571 428 654 singularis
449 572 512 646 eius
538 593 608 656 erga
629 592 678 633 me
701 568 923 650 benevolentia)
947 591 982 630 ex
1003 568 1149 653 locupleti
1173 587 1228 631 suo
1249 570 1282 630 in

194 708 304 770 multos
325 706 478 769 Ciceronis
500 705 595 767 libros
620 715 765 787 apparatu
797 705 902 764 critico
930 701 1082 786 quidquid·
1111 700 1151 762 ad
1171 699 1284 762 Cluen-

197 843 313 901 tianam
327 842 494 900 orationem
508 858 542 898 ex
557 837 773 919 Lagomarsinii
794 833 999 898 voluminibus
1016 831 1187 893 incredibili
1212 830 1284 893 dili·

194 974 295 1055 gentia
316 973 430 1032 Romae
451 969 626 1052 collegerat,
648 969 723 1029 mihi
744 962 990 1051 pertractandum
1009 965 1087 1026 etin
1106 984 1179 1025 usus
1199 983 1286 1026 meos

196 1103 433 1165 convertendum
456 1101 620 1180 concessit,
641 1121 766 1160 monens
785 1096 892 1174 simul,
915 1098 1063 1179 insignem
1084 1117 1147 1158 esse
1167 1105 1198 1156 et
1212 1115 1286 1179 prae

196 1233 263 1294 aliis
291 1232 437 1317 dignam,
471 1254 549 1316 quae
578 1244 717 1320 accurate
745 1234 932 1311 excutiatur,
968 1232 1060 1292 unius
1091 1229 1202 1291 codicis
1231 1249 1286 1316 per

195 1376 295 1426 totum
323 1364 458 1432 libellum
490 1364 626 1426 lectionis
656 1365 845 1426 varietatem.
898 1361 990 1423 Haud
1018 1361 1193 1423 dubitanter
1210 1372 1286 1433 ‚tam

194 1493 354 1557 liberalem
377 1494 581 1556 conditionem
605 1497 706 1578 occepi
726 1516 835 1577 meque
855 1496 1001 1556 continuo
1022 1494 1062 1556 ad
1083 1493 1287 1578 peragendum

195 1649 307 1689 munus
320 1630 447 1689 accinxi.
492 1623 648 1688 Tenebam
661 1626 753 1708 igitur
772 1625 984 1707 septemdecim
1005 1624 1143 1686 codicum
1156 1621 1287 1685 Floren-

194 1760 330 1820 tinorum
343 1769 514 1820 accuratam
530 1766 560 1816 et
573 1757 721 1837 integram
742 1756 930 1835 varietatem,
950 1754 1091 1818 selectam
1111 1775 1185 1831 vero
1206 1745 1284 1836 que-

195 1890 366 1951 tuordecim
380 1900 518 1952 veterum
544 1884 723 1946 editionum.
768 1886 838 1963 Qua
859 1882 1019 1968 diligenter
1041 1885 1172 1968 perlecta
1192 1894 1223 1946 et
1237 1905 1290 1947 ex·

195 2040 289 2102 pensa
302 2019 404 2079 statim
413 2014 558 2096 intellexi,
570 2025 605 2075 ut
618 2024 777 2075 monuerat
789 2013 872 2076 NIE
872 2014 902 2076 B
906 2013 1021 2083 UHRJ
1021 2012 1082 2096 US,
1098 2037 1193 2094 unum
1203 2015 1289 2078 codi-

196 2170 263 2211 cem
284 2147 359 2210 adeo
383 2159 452 2210 ante
473 2149 571 2208 omnis
599 2145 796 2228 praecellere,
824 2156 860 2207 ut
881 2167 944 2206 non
964 2125 1065 2208 solum
1084 2148 1196 2210 dubiae
1217 2148 1289 2210 fidei
1317 2211 1318 2214 ,

199 2280 275 2343 locis
294 2279 564 2363 praestantissimas
590 2278 720 2338 aliorum
738 2276 830 2342 MSS.
850 2280 1014 2363 scripturas
1042 2291 1287 2352 constanterex·

198 2411 330 2494 biberet,
352 2416 406 2476 sed
425 2415 528 2475 multis
543 2415 636 2488 locis,
659 2416 712 2494 qui
726 2412 818 2498 vulgo
832 2414 897 2477 sine
918 2417 1086 2508 suspicione
1098 2414 1286 2499 legebantur,

200 2549 333 2630 egregias
354 2559 383 2610 et
411 2551 578 2631 insperatas
605 2547 830 2609 emendationes
851 2546 933 2608 solus
960 2546 1091 2619 afferret.
1137 2547 1203 2608 lum
1222 2559 1291 2608 tum

200 2698 378 2760 persuasum
399 2681 474 2740 mihi
494 2678 662 2754 habebam,
693 2678 769 2739 duas
790 2699 854 2741 esse
873 2681 1192 2762 perpetuavarietate
1211 2678 1292 2739 inter

201 2830 234 2870 se
255 2808 431 2869 dissidentes
452 2808 596 2868 orationis
619 2821 740 2872 nostrae
760 2795 967 2888 recensiones,
1002 2819 1033 2872 et
1061 2827 1127 2870 eam
1146 2806 1289 2890 quidem,

201 2959 280 3022 quae
300 2937 340 2998 ab
360 2939 499 3019 imperita
520 2959 613 2997 mann
634 2939 771 3030 confecta
800 2938 888 3022 longe
914 2938 1066 3022 plerisque
1094 2939 1212 3020 scriptis
1238 2958 1291 3011 ex-

208 3064 316 3150 emplis
343 3076 508 3148 propagata
529 3075 625 3143 esset,
654 3067 746 3126 etiam
773 3067 807 3126 in
828 3064 990 3149 impressos
1018 3067 1113 3130 libros
1141 3068 1291 3150 principio

205 3199 372 3276 transiisse,
394 3217 449 3256 nec
466 3196 524 3255 nisi
543 3198 647 3277 paucis
660 3196 848 3279 locispostea
868 3209 1035 3261 correctam
1058 3199 1098 3260 ad
1108 3197 1292 3279 hodiernum

167 3414 170 3419 .
203 3349 300 3413 usque
321 3327 403 3388 diem
422 3327 551 3410 vulgari.
574 3329 631 3390 Cui
645 3332 810 3392 sententiae
831 3334 928 3393 maior
941 3331 1014 3396 fides
1027 3333 1171 3406 accessit,
1195 3352 1293 3414 quum

106 3540 111 3554 Ι
203 3459 430 3543 palimpsestum
450 3460 687 3537 Taurinensem,
718 3461 909 3524 venerandae
937 3430 1095 3525 vetustatis
1123 3462 1291 3542 volumen,

206 3591 293 3650 cuius
324 3591 501 3650 orationum*
521 3593 788 3654 Ciceronianamm
817 3591 985 3674 fragmenta
1009 3597 1128 3677 egregia
1146 3615 1220 3656 cura
1234 3594 1288 3666 cl.

206 3723 376 3807 Peyronius
396 3722 541 3797 contulit,
571 3726 740 3807 saepissime
761 3742 831 3784 cum
852 3726 1017 3806 praestanti
1037 3724 1141 3786 codice
1158 3723 1292 3785 Floren-

206 3855 273 3915 tino
304 3855 472 3915 consentire
496 3855 648 3930 viderem,
683 3857 774 3914 etiam
804 3855 858 3916 ubi
884 3853 986 3917 'nulla'
1004 3877 1039 3918 cx
1070 3857 1177 3922 ceteris
1205 3855 1292 3932 MSS.

208 3983 408 4070 discrepantia
428 3986 460 4046 in
485 3985 623 4047 notitiam
642 3992 786 4064 venerat,
813 4003 968 4069 quumque
987 3983 1078 4048 simul
1102 3982 1294 4060 animadvei.
