2736 4696
518 295 699 358 carmen.
1074 304 1142 406 ,59

55 479 165 542 eadem
200 480 301 555 caede,
338 480 421 562 quod
449 492 627 564 conceptum
659 493 734 552 erat
766 481 967 543 interimeret:
1009 482 1142 546 mulieris

55 590 142 649 enim
166 589 388 649 interficiendae
409 591 572 672 praecipua
593 611 682 650 causa
705 589 757 650 illa
778 600 861 666 erat,
883 603 917 652 ut
938 603 1059 674 partum
1080 595 1143 653 eius

56 696 196 772 deleret,
221 719 282 780 quo
303 699 365 781 ipse
387 719 405 758 a
425 698 524 759 fratris
544 698 712 759 hereditate
734 699 869 762 exclusus
888 709 977 761 esset.

141 804 174 866 6.
194 805 303 889 poculo
323 802 437 886 mortis]
479 803 572 865 Nulla
600 805 690 866 codd.
714 808 839 888 vestigia
858 808 1039 868 confirmant
1059 809 1143 869 Gru·

55 915 115 976 teri
135 913 338 995 suspicionem
359 913 396 973 de
415 911 543 974 delendo
565 916 698 996 genitivo
720 919 837 993 mortis,
866 938 958 999 quam
985 917 1142 992 Ernestius

56 1031 89 1082 et
110 1021 275 1082 Schiitzius
293 1032 406 1082 temere
426 1022 546 1103 sequuti
575 1033 670 1082 sunt:
699 1044 770 1082 nam
791 1045 863 1084 sane
890 1021 993 1084 nullus
1025 1035 1090 1085 erat
1112 1026 1142 1086 in

56 1127 220 1189 audaciore
228 1127 347 1189 dicendi
360 1150 469 1211 genere
480 1128 638 1190 dubitandi
665 1118 773 1191 locus)
801 1130 860 1191 Sed
881 1133 948 1191 iure
967 1152 1036 1191 mox
1049 1152 1079 1198 v.
1094 1153 1143 1192 ra.

55 1237 220 1299 Ernestins
253 1235 379 1299 offendit
411 1237 443 1297 in
474 1237 622 1299 adiectivo
648 1242 811 1324 propriam
837 1238 930 1321 vulgo
949 1249 1019 1298 ante
1048 1241 1143 1301 latrem

56 1344 204 1406 inserto:
253 1345 358 1427 quod,
402 1367 498 1427 quum
532 1347 723 1408 commodam
760 1351 824 1408 eius
864 1347 1141 1428 interpretationem

61 1473 122 1512 non
154 1451 288 1530 videam,
322 1455 505 1536 optimorum
540 1451 688 1514 librorum
723 1456 901 1516 auctoritate
935 1457 1042 1517 eiicere
1081 1475 1143 1516 non

55 1558 206 1620 dubitavi.

142 1669 203 1745 24,
237 1667 268 1729 5.
298 1681 421 1728 nmrtem
451 1681 540 1753 atqtae
567 1666 746 1751 maionem]
791 1666 1015 1746 Quinctilianus
1037 1669 1141 1750 (Vlll,

58 1773 96 1855 ᾧ)
126 1774 211 1836 haud
239 1774 331 1836 dubie
363 1796 453 1836 suum
479 1796 600 1837 sensum
627 1777 726 1858 potius
762 1797 853 1858 quam
880 1775 1033 1837 Ciceronis
1050 1778 1144 1838 verba

57 1895 218 1966 sequutus,
242 1883 326 1944 hunc
344 1882 444 1944 locum
466 1886 508 1944 sic
529 1883 634 1946 affert:
656 1889 722 1946 vim
749 1899 835 1970 utque
865 1887 1029 1945 cruciatum
1041 1932 1051 1963 ,
1071 1907 1144 1946 nam

59 1992 241 2054 insolentiae
264 1981 346 2053 mors
376 2003 446 2054 ante
467 1995 634 2079 cruciatum
654 1996 752 2076 posita
772 2006 827 2056 est.
870 1994 929 2055 Sed
950 1993 1029 2053 idem
1052 2015 1070 2053 a
1093 1995 1144 2054 Ci-

59 2120 166 2162 cerone
194 2101 310 2163 factum
347 2122 411 2163 esse
442 2103 532 2163 Verr.
568 2103 620 2183 V,
641 2123 670 2162 c.
695 2101 745 2164 52.
790 2099 856 2162 138.
875 2103 995 2163 monuit
1015 2103 1145 2164 Garato-

58 2211 149 2289 nius‚
171 2231 234 2293 quo
254 2231 343 2271 nemo
362 2213 394 2270 in
416 2209 532 2272 idoneis
553 2208 695 2292 exemplis
715 2208 890 2292 colligendis
909 2208 1070 2272 sollertior.

136 2318 168 2379 8.
194 2319 299 2381 mutos
319 2317 453 2401 necaret]
480 2317 618 2379 Eandem
640 2320 731 2398 hanc,
745 2337 836 2400 quam
858 2338 893 2379 ex
915 2320 1036 2400 optimis
1058 2316 1144 2382 libris

58 2424 270 2506 praetulimus,
291 2423 471 2506 lectionem,
492 2420 659 2488 Lambinus
680 2430 712 2488 in
732 2428 858 2490 vetustis
880 2426 941 2487 suis
962 2424 1140 2487 invenerat:

57 2533 96 2591 sic
116 2531 212 2614 igitur
233 2532 411 2592 auctoritate
434 2532 505 2593 satis
525 2531 643 2592 firmata
664 2551 728 2592 esse
742 2531 885 2608 videtur3
907 2531 947 2592 ad
963 2534 1142 2592 sententiam

57 2637 226 2699 vehementi
246 2640 430 2699 accusationi
451 2640 529 2702 bene
547 2661 614 2702 eam
634 2640 795 2700 convenire
816 2652 913 2722 puto:
938 2639 1043 2700 eodem
1075 2642 1141 2700 iure

57 2745 145 2806 modo
167 2746 284 2807 dixerat
304 2759 424 2811 orator:
445 2749 485 2809 ab
506 2750 667 2832 Oppianici
689 2750 814 2809 audacia
825 2747 946 2828 fratris
976 2748 1083 2809 liberos
1103 2770 1142 2810 ne

57 2858 184 2918 materni
206 2856 329 2938 quidem
350 2859 485 2940 corporis
506 2858 673 2918 custodiam
690 2869 791 2939 tegere
811 2859 952 2940 potuisse.

138 2985 192 3025 2ο.
215 2985 237 3024 a
255 2964 344 3050 filio,
364 2966 460 3050 siqui
480 2979 568 3027 natus
581 2969 639 3026 erit
656 2968 689 3028 h.
712 2967 734 3027 l.
754 2977 784 3028 et
803 2988 871 3027 mox
902 2964 1065 3026 formulam
1093 2965 1142 3034 in-

56 3069 193 3131 dicialem
214 3092 294 3153 quae
312 3075 400 3155 quasi
420 3084 503 3135 extra
524 3084 695 3135 structurae
740 3096 850 3136 ucxnm
874 3077 972 3156 posita
995 3086 1040 3136 est
1073 3073 1141 3135 vul·

56 3190 141 3260 gatae
162 3181 329 3262 scripturae
358 3181 578 3262 praetulimus,
609 3205 686 3264 quae
718 3184 755 3243 ad
781 3183 900 3245 solitam
930 3185 1142 3267 grammaticae

56 3307 195 3348 normam
226 3286 354 3348 conficta
383 3298 438 3349 est.
481 3290 585 3350 Etiam
614 3293 645 3351 in
674 3291 763 3373 Digg.
785 3292 839 3352 ubi
860 3314 957 3352 sermo
979 3292 1084 3352 incidit
1103 3291 1141 3352 de

56 3391 231 3455 huiusmodi
263 3393 429 3457 hereditate
459 3398 662 3476 instituenda,
698 3400 802 3459 eadem
832 3411 885 3460 aut
913 3399 1017 3461 similis
1048 3400 1141 3460 dictro

56 3511 246 3584 usurpatur:
265 3504 314 3565 -sic
334 3502 358 3564 l.
381 3526 432 3588 29.
455 3527 502 3588 pr.
514 3507 556 3565 D.
568 3506 605 3566 de
625 3507 727 3568 liberis
748 3519 777 3567 et
798 3507 989 3590 posthumis:
1011 3510 1038 3568 si
1056 3507 1142 3592 filziss

56 3608 146 3684 meus,
176 3613 247 3671 vivo
267 3630 325 3688 me,
342 3605 495 3691 morietur,
523 3600 591 3673 tunc
605 3613 632 3673 si
659 3617 724 3699 qzu‘s
740 3617 815 3675 milri
841 3638 883 3676 ea:
914 3636 948 3675 eo
974 3637 1063 3700 nepos
1078 3617 1142 3674 sinc

57 3737 130 3797 qttac
144 3718 253 3800 nepem,
270 3729 340 3799 post
357 3727 597 3778 mortem'meam
618 3719 650 3778 in
676 3719 774 3780 decem
803 3719 947 3782 mensibus
974 3723 1139 3807 proximis,

57 3826 158 3906 quibus
177 3823 265 3908 fillius
292 3846 371 3885 meus
392 3839 564 3905 moreretur,
591 3842 686 3898 nonas,
706 3843 781 3888 nata
794 3831 859 3905 eric,
877 3829 997 3890 heredes
1009 3826 1100 3889 sunto‘.
1117 3827 1139 3888 l.

59 3949 106 4014 ²9·
140 3937 172 4007 §.
195 3931 228 3992 6.
261 3934 384 3994 eodem:
420 3935 563 4021 qm'cquid
590 3937 648 3996 siti
671 3936 831 3995 liberorum
859 3949 959 3996 uatum
994 3936 1052 3994 erit
1075 3949 1144 4018 post

60 4054 190 4102 mortem.
210 4039 233 4100 l.
257 4038 288 4101 5.
308 4044 337 4116 §.
366 4063 392 4101 1.
413 4043 453 4102 D.
478 4045 503 4103 si
523 4065 593 4124 pars
613 4042 742 4108 heredit.
765 4042 845 4124 pet:
863 4039 1046 4128 'quorumque
1068 4043 1144 4101 ruini

61 4149 121 4208 nati
142 4161 245 4224 ermol,
271 4160 301 4207 et
323 4148 431 4210 Lucim
459 4150 554 4212 Titum
568 4170 628 4234 pro
648 4151 788 4211 virilibus
807 4151 992 4235 portionibus
1022 4151 1143 4211 heredes
