2736 4696
108 361 113 371 ¹
189 311 237 383 9⁰
650 278 812 342 onnrro
872 296 886 305 ··
985 292 988 299 ·

189 497 232 547 re
253 471 414 547 militari
442 462 491 546 ad
512 467 876 544 animadversionem
904 466 1122 542 Censorium
1152 485 1273 545 truus‘¹

187 592 392 668 ferendum
420 592 511 668 fuit:
557 590 755 666 sortitione
790 587 832 664 id
858 590 985 694 ipsum
1017 584 1164 666 luctum
1196 616 1276 668 esse

136 796 141 803 ,
189 718 371 824 oportuit.
397 717 463 792 Sin
486 734 615 791 autem
640 714 769 790 sortiri
796 712 847 788 ad
873 741 1058 818 poenam,
1091 735 1130 791 et
1150 715 1278 795 homi·
1329 772 1333 777 -

189 865 286 914 num
318 838 503 913 delictum
531 837 709 912 fortunae
742 833 886 910 iudicio
912 839 1166 923 committere,
1204 839 1277 915 mi·

189 961 293 1037 nime
318 960 543 1038 Censorium
568 978 641 1053 est3
675 977 776 1033 certe
810 957 857 1032 iu
875 961 1089 1036 multorum
1111 960 1295 1066 ,peceatoi

186 1086 292 1190 carpi
319 1110 459 1190 puueos
479 1083 529 1158 ad
550 1081 801 1184 ignominiam
822 1099 861 1156 et
886 1083 1177 1186 turpitudinem
1191 1113 1277 1162 non
1351 1103 1356 1118 “

114 1191 165 1274 4‘7
189 1227 349 1314 oportet.
400 1211 547 1283 Verum
565 1231 695 1281 omnes
715 1204 986 1308 intelligimus,
1014 1207 1158 1283 inistis
1186 1207 1277 1282 sub

117 1339 174 1400 ¹30
187 1331 462 1438 scriptionibus
504 1348 662 1406 ventum
704 1329 898 1432 quendam
936 1330 1165 1434 popularem
1198 1355 1277 1405 esse
1333 1393 1336 1397 ,

189 1450 416 1554 quaesitum.
477 1456 619 1527 lactata
647 1480 704 1528 res
728 1472 811 1528 emt
841 1453 885 1527 in
914 1451 1096 1528 concione
1128 1481 1151 1529 a
1188 1456 1279 1532 Tri-³

189 1575 298 1650 buno
326 1573 517 1652 seditioso:
552 1578 745 1680 incognita
775 1604 904 1664 carrea,
937 1577 1144 1681 probatum
1170 1577 1320 1655 illud¹⁰

189 1715 272 1771 erat
295 1695 559 1772 multitudini:
603 1699 750 1773 nemini
781 1698 933 1773 licitum
963 1718 1020 1775 est
1047 1719 1181 1777 contra
1210 1699 1281 1777 di·.

190 1844 292 1892 cere:
335 1844 448 1892 nemo
475 1817 658 1920 denique,
701 1837 748 1894 ut
780 1817 1002 1896 defenderet
1039 1822 1281 1910 contrariu-m

189 1960 359 2047 partem,
400 1941 607 2016 laborabat
666 1947 714 2044 ln
739 1941 923 2017 invidiam
948 1969 1065 2047 porro
1092 1966 1276 2049 magnam

189 2067 258 2141 illa
283 2064 426 2140 iudioia
449 2083 642 2140 venerant.
678 2067 833 2142 Etenim
855 2069 988 2172 paucis
1011 2088 1137 2172 postea
1166 2095 1276 2146 meu-

188 2187 293 2263 sibus
317 2189 395 2263 alio
417 2188 616 2264 vehemens
640 2204 723 2265 erat
749 2189 791 2265 iu
815 2187 968 2264 iudiciis
1001 2214 1047 2262 ex
1074 2193 1322 2279 notatioueti

189 2313 421 2392 tabellarum
449 2312 594 2388 invidia
620 2332 772 2389 versata.
818 2315 1097 2392 ¹Praetermitti
1125 2343 1150 2390 a
1179 2319 1281 2395 Genu

187 2438 354 2529 toribus,
397 2457 437 2514 et
465 2438 606 2541 negligi
634 2439 783 2513 macula
796 2437 1030 2515 iudiciorum
1055 2464 1159 2544 posse
1192 2468 1281 2521 nou

187 2563 400 2640 videbatur.
426 2565 622 2653 Homines,
648 2590 744 2666 quos
763 2564 897 2640 ceteris
914 2563 1017 2641 vitiis
1032 2550 1149 2666 utque
1163 2564 1277 2645 omui

187 2687 371 2764 dedecore
401 2687 554 2762 infamis
577 2686 778 2777 videbant,
810 2713 874 2763 eos
897 2685 970 2762 heo
997 2712 1154 2790 quoque
1182 2687 1281 2765 sub-.

185 2811 393 2916 scriptione
419 2829 551 2884 notare
580 2809 805 2896 voluerunt,
852 2827 891 2883 et
924 2833 968 2884 eo
997 2810 1130 2911 magis,
1162 2809 1319 2912 quodm

186 2934 255 3008 illo
279 2935 360 3038 ipso
385 2951 571 3036 tempore,
598 2933 673 3006 illis
693 2933 949 3015 -Censoribus,
983 2950 1094 3008 eraut
1124 2930 1275 3013 iudicia

185 3083 274 3153 cum
295 3056 460 3159 equestri
482 3053 618 3131 ordine
639 3056 941 3149 communicata3
976 3074 1021 3130 ut
1044 3052 1274 3133 viderentur

267 3255 299 3314 3.
315 3265 406 3335 atque
426 3253 585 3314 hominum
671 3276 718 3314 ιι.
739 3251 964 3312 multitudinem
992 3252 1135 3344 illicitum·
1191 3260 1194 3265 ’
1220 3255 1268 3318 16.

266 3337 442 3398 tabularum

241 3488 279 3540 ,3.
300 3496 328 3538 et
348 3487 420 3539 Cad
441 3490 475 3538 Il
491 3486 593 3558 (pud)
610 3484 667 3547 δεζ
685 3493 767 3554 atque
786 3487 860 3554 vulg.
930 3484 1104 3554 d.delectuur
1122 3489 1276 3542 conirvt‘rr‘

181 3553 259 3610 docti
277 3576 320 3628 ap.
340 3558 421 3612 Fulv.
440 3558 568 3611 Ur'siuum
666 3560 693 3609 6.
715 3562 743 3607 et
761 3555 960 3624 turpitudinem
978 3573 1029 3612 om.
1049 3556 1074 3608 C
1166 3576 1189 3627 7.
1210 3576 1274 3612 sut·

180 3627 336 3698 pitiouibus
354 3629 379 3680 B
510 3648 534 3698 9.
557 3645 573 3678 a
590 3627 703 3677 tribuno
722 3624 852 3676 seditioso
870 3644 919 3677 om.
942 3627 963 3677 C
1086 3644 1122 3679 n.
1141 3628 1273 3682 multitu-

181 3698 256 3751 dini:
275 3698 378 3750 nemini
397 3699 502 3750 licitum
522 3700 565 3751 Cr
591 3699 638 3758 (ut
658 3698 723 3748 olim
742 3698 897 3748 coniecerat
910 3699 971 3748 Ant.
985 3698 1169 3764 Augustinus)
1194 3700 1271 3752 mul-

180 3769 329 3823 titudinem
347 3768 474 3820 illicitum
491 3765 818 3838 Ββγδζθικμνορσ
861 3767 1032 3817 multitudini
1061 3766 1103 3817 illi
1128 3783 1185 3819 nou
1204 3769 1271 3822 lici·

179 3841 275 3900 tum?
362 3839 534 3892 multitudini
561 3837 688 3888 illicitum
707 3838 778 3888 ελπ
867 3837 1074 3888 multitudinem
1091 3838 1271 3894 multitudini

180 3909 256 3974 itt»,
348 3913 387 3965 13.
407 3910 654 3975 invidia-magna
672 3911 706 3958 Il
718 3921 831 3978 praeter
850 3904 1075 3973 Actmn,·ds1,=
1166 3911 1206 3978 14.
1225 3917 1271 3962 et·

180 3979 273 4101 {nilmi-
286 3990 314 4034 et
326 3982 434 4107 gemalli
544 3981 584 4036 16.
595 3978 763 4121 ltublgllgrum
785 3978 805 4029 C
825 3976 920 4062 (quod.
930 3979 1006 4058 coni..
1019 3979 1172 4100 Gutruton.)
1189 3998 1206 4032 τ
1212 3987 1273 4105 AtaB

202 4067 308 4106 nurum
366 4069 386 4105 v
415 4068 441 4122 g.
579 4066 592 4098 a
628 4065 643 4099 a
850 4064 892 4107 αι,
912 4065 971 4119 ipso
998 4063 1027 4100 tn
1070 4064 1181 4119 empore
1305 4084 1308 4088 =

182 4119 282 4175 eretc
