2736 4696
475 197 562 299 rao
582 233 625 296 A.
647 218 878 299 causano.
1063 326 1066 333 ἱ
1172 245 1222 342 59

19 466 23 493 .·
105 421 217 525 qni,
250 420 483 500 Scamandro
521 424 795 516 condemnato,
835 450 915 500 non
950 421 1141 501 iudicium
1174 420 1222 498 de

126 547 348 652 Oppianico
375 549 521 625 factum
546 577 620 648 epe
640 550 918 625 arbitraretur?
941 548 1049 647 Quid
1074 567 1129 624 est
1154 546 1221 623 illa

126 669 377 749 damnatione
416 673 651 764 iudicatum,
689 673 764 748 nisi
797 699 991 749 venenum
1018 671 1078 763 id,
1114 669 1223 776 quod

122 795 270 872 Habito
307 796 487 893 daretur,
522 823 598 872 esse
624 797 863 899 quaesitum?
888 795 1005 890 Quae
1019 820 1137 895 porro
1168 809 1221 868 te·
1341 814 1351 824 '

101 905 308 995 5nuissima
334 921 498 1026 suspicio
532 922 670 995 collata
703 904 1048 995 in¹Scamandrum
1071 934 1127 991 est
1150 935 1220 992 aut
1273 973 1275 976 ψ

120 1043 295 1133 conferri
322 1043 472 1148 potuit,
508 1031 555 1119 ut
580 1043 611 1118 is
634 1070 702 1119 sua
728 1061 864 1148 sponte
890 1065 1025 1116 necare
1057 1039 1217 1116 voluisse
1239 1040 1279 1106 56

72 1207 75 1211 ’
110 1165 316 1245 Habitum
341 1169 574 1271 putaretur?

220 1293 350 1393 Atque
375 1292 449 1366 hoc
485 1311 569 1366 tum
602 1289 748 1365 iudicio
777 1289 896 1378 facto,
932 1304 971 1364 et
1001 1287 1219 1392 Oppianico

117 1437 163 1488 re
194 1431 235 1489 et
268 1415 547 1490 existimatione
581 1415 673 1505 iam,
715 1415 796 1516 lege
829 1432 868 1489 et
900 1411 1220 1517 pronuntiatione

63 1535 300 1629 ,ronondu'm
325 1538 596 1629 condemnato,
623 1557 752 1613 tamen
779 1537 944 1611 Habitus
956 1536 1220 1640 Oppianicum

116 1688 232 1737 reum
255 1663 385 1738 statim
411 1690 492 1737 non
509 1663 608 1737 fecit.
659 1661 798 1737 Voluit
815 1685 1057 1762 cognoscere,
1082 1678 1219 1735 utrum

109 1785 267 1863 -iudices
293 1786 334 1861 in
359 1812 421 1862 eos
445 1787 543 1861 solos
566 1803 688 1861 essent
720 1785 858 1873 severi,
895 1809 990 1885 quos
1024 1807 1217 1858 venenum

107 1909 298 1988 :habuisse
325 1912 422 2017 ipsos
447 1911 735 2016 comperissent,
761 1937 812 1983 an
826 1907 942 1982 etiam
958 1905 1114 1980 consilia
1128 1932 1217 1981 con·

107 2035 373 2138 scientiaeque
408 2034 595 2109 eiusmodi
620 2034 837 2108 facinorum
869 2028 1060 2134 supplicio
1085 2027 1218 2132 dignas
1273 2100 1278 2113 ,

64 2155 349 2232 :uindicarent
409 2160 545 2259 Itaque
571 2158 610 2231 C.
632 2153 872 2238 Fabricium,
909 2178 1027 2256 quem
1058 2169 1218 2256 propter

112 2278 667 2384 familiaritatem,0ppianici
708 2278 904 2352 conscium
949 2276 1008 2350 illi
1051 2273 1216 2348 facinori

109 2403 230 2478 fuisse
255 2401 537 2493 arbitrabatur,
578 2429 688 2476 reum
719 2400 849 2476 statim
874 2398 980 2495 fecit,
1017 2398 1155 2501 utique
1180 2398 1215 2474 ei

110 2526 220 2602 locus
246 2525 396 2630 primus
428 2527 742 2608 constitueretur,
778 2541 937 2629 propter
968 2547 1102 2597 causae
1127 2549 1217 2598 con-

110 2649 356 2725 iunctionem
389 2650 616 2755 impetravit.
676 2649 750 2723 Hic
788 2666 874 2721 turn
906 2643 1105 2718 Fabricius
1131 2672 1214 2720 non
1262 2674 1265 2679 ·

66 2772 232 2883 aornodo
253 2772 304 2848 ad
329 2801 390 2849 me
414 2802 516 2850 meos
539 2775 684 2850 vicinos
709 2793 747 2849 et
780 2770 937 2859 amicos,
969 2769 1211 2859 Aletrinatis,
1232 2806 1269 2894 57

109 2925 191 2972 non
219 2896 400 2988 adduxit,
432 2897 498 2991 sed
532 2898 611 3003 ipse
636 2899 682 2973 iis
709 2922 834 2998 neque
859 2892 1122 2967 defensoribus
1148 2894 1209 2970 uti

107 3042 256 3129 postea,
284 3047 410 3123 neque
435 3018 702 3103 laudatoribus
721 3020 859 3121 potuit·
911 3021 1005 3092 Rem
1026 3018 1132 3092 enim
1153 3018 1213 3096 in·

109 3164 256 3259 tegram
284 3143 451 3218 hominis
477 3171 558 3218 non
582 3143 716 3234 alieni,
748 3141 923 3245 quamvis
947 3141 1208 3247 suspiciosam

110 3266 333 3358 defendere,
360 3267 614 3342 humanitatis
632 3293 707 3341 esse
722 3266 973 3371 putabamus3
1000 3265 1211 3345 iudicatam

66 3392 341 3472 a5labefactare
366 3392 517 3480 conari,
545 3389 820 3494 impudentiae.
869 3395 1006 3493 Itaque
1029 3409 1112 3465 tum
1131 3390 1209 3482 ille,

110 3514 242 3619 inopia
261 3533 300 3589 et
317 3515 534 3590 necessitate
552 3533 722 3604 coactus,
750 3514 793 3589 in
812 3542 922 3590 causa
948 3511 1136 3591 eiusmodi
1155 3513 1207 3590 ad

111 3639 284 3746 Cepasios
309 3638 444 3713 fratres
466 3637 657 3743 confugit,
693 3637 867 3713 homines
891 3636 1117 3729 industrios,
1148 3654 1204 3714 at-

180 3814 202 3892 r,
222 3834 256 3888 de
274 3849 381 3889 oman
504 3837 530 3892 3.
551 3833 781 3888 condemnatione
800 3847 839 3885 aa
854 3868 856 3873 -
873 3832 1023 3888 indicatum
1041 3850 1056 3887 ε
1112 3834 1200 3906 quod]

20 3917 23 3922 '
111 3908 209 3977 quod
312 3913 315 3917 ’
348 3907 373 3972 d.
393 3921 463 3975 quae
480 3901 578 3959 borum
596 3906 748 3976 porroAB
851 3908 878 3959 6.
898 3903 1023 3978 istite
1128 3907 1153 3959 8.
1173 3915 1202 3958 et

111 3994 195 4030 ωια
289 3975 326 4045 14.
347 3975 466 4044 dignae
552 3993 590 4045 ¹7·
609 3973 718 4046 utique]
743 3976 1022 4047 utquexfpreon
1076 3990 1200 4049 arqueq

112 4048 224 4121 eil'eiut
243 4044 311 4118 des
337 4043 753 4115 biklmnorstuvssydecq
894 4061 939 4106 oo.
967 4047 1003 4098 ad
1020 4063 1063 4097 me
1081 4063 1131 4097 ona
1152 4061 1201 4107 ας

109 4065 386 4190 tartarusttticq
483 4114 756 4199 nereditatem
792 4116 989 4200 ‘ipseornB
1023 4115 1197 4191 ipsisiitcj.
1288 4117 1291 4121 ’

113 4187 211 4252 mist.
281 4188 324 4258 alp
340 4196 511 4260 putamuap
580 4200 624 4244 aa.
643 4187 834 4261 impudicitae
852 4203 871 4239 α
1224 4234 1227 4239 .
1281 4203 1284 4207 ·
