2736 4696
203 229 275 320 „4
617 216 861 279 Anuortrio

202 411 304 487 aperte
337 400 510 465 Cluentium
543 399 607 462 salsi
643 401 776 462 criminis
804 400 975 462 insimulare
1012 398 1166 461 audebat?
1214 400 1285 477 Quo

202 494 339 572 consilio
354 509 582 574 incommodum
603 509 685 570 istud
700 509 936 570 additamentum
950 510 1096 569 insertum
1115 507 1175 584 sit,
1192 505 1287 588 probe
1306 554 1312 567 ,

201 613 398 697 intelligitur:
419 636 491 675 nam
508 615 617 677 lacuna
638 607 787 697 quaedam
810 613 995 675 intercedere
1022 613 1183 674 videbatur
1210 615 1289 674 inter

201 723 309 784 iterata
330 723 405 783 haec
425 721 514 783 simili
539 723 601 784 fere
634 723 780 783 sententia
807 722 977 782 enuntiata:
1013 723 1116 782 «ibidis
1142 719 1227 780 domi
1247 732 1291 780 est

203 841 369 904 mutuor,
390 838 437 901 et,
473 830 651 888 «intestatum
675 826 743 888 dico
766 849 824 888 esse
856 840 1040 888 morttuimr.
1081 827 1184 904 Quam
1209 846 1290 908 repe·

201 937 339 996 titionem
363 945 465 995 tamen
487 936 616 994 oratorie
637 937 708 996 satis
728 946 799 1016 apte
820 933 961 1016 explicari
980 953 1068 1014 posse
1083 944 1178 1014 puto:
1218 953 1290 992 nam

205 1051 241 1101 ut
264 1043 397 1123 primum
420 1038 496 1099 illud
511 1039 645 1099 dixerat:
674 1053 801 1100 mortius
814 1052 874 1116 est:
898 1036 1004 1099 altiore
1030 1058 1121 1111 voce,
1158 1039 1286 1119 repetito

204 1146 340 1210 consulto
366 1147 472 1208 eodem
493 1145 599 1224 verbo,
624 1166 703 1226 quae
730 1155 898 1226 sequuntur
914 1146 1124 1228 pronuntiasse
1138 1144 1291 1227 putandus

204 1264 270 1332 est:
301 1256 467 1314 intestatum
496 1251 564 1313 dico
593 1274 653 1312 esse
677 1266 841 1313 mortuum:
885 1252 995 1334 quibus
1019 1255 1119 1314 omnis
1147 1252 1291 1313 avaritiae

201 1361 333 1443 suspicio
354 1358 487 1418 funditus
510 1357 648 1420 tollitur:
682 1360 707 1420 si
729 1358 810 1418 enim
828 1355 986 1420 Cluentius
1008 1360 1072 1419 eius
1090 1358 1290 1421 hereditatem

204 1475 367 1550 captasset,
395 1465 521 1526 Vibium
546 1466 586 1525 ad
603 1475 815 1526 testamentum
834 1465 1004 1527 faciendum
1023 1465 1182 1549 adegisset.

292 1619 362 1675 120,
386 1617 437 1659 αι.
460 1596 542 1683 quod
554 1593 664 1660 oderat
676 1597 805 1660 Habitus
823 1596 988 1680 inimicum]
1004 1599 1121 1660 Rursus
1138 1599 1189 1661 hic
1208 1598 1290 1661 locus

206 1702 414 1783 demonstrat,
433 1703 515 1785 quod
539 1707 601 1765 iam
623 1703 661 1766 ex
679 1704 781 1765 multis
803 1703 976 1786 apparebat,
991 1691 1187 1785 Lambinum‚
1207 1727 1290 1768 sum·

206 1832 291 1872 mum
312 1813 431 1886 virum,
456 1815 607 1875 rarissime
632 1815 664 1874 in
689 1813 832 1875 Cicerone
852 1834 906 1874 suo
927 1816 991 1875 siue
1016 1812 1166 1875 librorum
1187 1823 1290 1875 aucto·

207 1919 297 2001 ritate
313 1919 428 2002 aliquid
447 1934 594 1984 mutasse:
625 1943 696 1983 nam
719 1921 801 2005 quod
818 1923 851 1983 h.
871 1921 892 1984 l.
909 1922 1001 1981 tacite
1022 1931 1176 2003 receperat
1193 1921 1289 2005 quod-

207 2046 267 2107 que
298 2047 394 2107 paene
428 2031 627 2090 necessarium
661 2029 803 2107 videtur,
845 2049 954 2106 nomen
988 2005 1162 2106 inimiium,
1208 2029 1290 2089 cuius

185 2128 188 2130 ’
212 2134 300 2216 origo
319 2133 419 2195 adbuc
445 2147 578 2218 suspecta
605 2158 667 2200 csse
688 2138 808 2219 potuit,
845 2157 929 2198 nunc
954 2137 1217 2219 praestantissimis
1238 2158 1296 2197 :10⁴¹

211 2243 282 2301 stris
305 2241 458 2304 codicibus
478 2245 626 2306 firmatur.

295 2390 365 2448 rar,
390 2369 422 2450 4
447 2375 478 2440 5.
504 2375 590 2434 ndite
612 2406 650 2422 -
673 2377 837 2460 adspicere]
858 2373 1029 2437 Verborum
1042 2348 1291 2437 horumalteruni

134 2474 137 2485 ⁴
209 2483 273 2543 siue
303 2480 476 2560 codicibus,
516 2483 569 2544 sed
595 2483 698 2547 multis
727 2485 891 2546 editoribus
920 2483 1135 2566 praeeuntibus
1171 2486 1290 2568 recepi,

209 2609 305 2672 quum
329 2588 398 2650 libri
416 2592 518 2672 scripti
535 2589 573 2651 ad
595 2611 691 2650 unum
713 2611 818 2651 omnes
837 2589 943 2650 cttdire
960 2586 1138 2664 exhibeant:
1167 2590 1292 2653 alterum

208 2695 389 2781 (adspicere)
409 2720 471 2759 non
495 2699 595 2759 minus
619 2709 687 2758 tuto
713 2719 748 2758 ex
773 2699 893 2780 optimis
918 2695 1047 2757 duobus>
1063 2671 1154 2759 codd.
1180 2709 1211 2760 et
1233 2718 1293 2760 nnn

212 2805 362 2864 Lambino
387 2806 483 2866 duce:
516 2826 592 2866 nam
614 2808 659 2865 sic
678 2803 800 2865 demum
814 2799 938 2885 'gradus
959 2802 1022 2864 odii
1046 2813 1077 2864 ct
1105 2814 1294 2885 contemptus

210 2912 354 2973 continua
379 2914 457 2972 serie
481 2911 678 2974 iudicantur:
707 2909 790 2972 domi
815 2932 885 2973 suae
911 2910 1043 2994 aliquem
1069 2930 1131 2972 non
1152 2912 1294 2993 recipere,

209 3042 274 3083 non
297 3020 379 3082 adire
405 3021 529 3081 domum
551 3019 635 3096 eius,
674 3040 744 3079 eum
773 3040 836 3080 non
860 3019 993 3102 alloqui,
1030 2978 1161 3100 dedique
1184 3039 1224 3081 nc
1242 3018 1295 3081 ad·

210 3130 326 3210 spicere
344 3127 485 3211 quidem:
509 3129 652 3210 respicere
671 3148 855 3210 quamquam
881 3130 913 3187 in
936 3126 1024 3208 longe
1044 3126 1196 3210 plerisque
1212 3125 1296 3187 MSS.

211 3232 341 3316 legitur,
377 3245 407 3295 et
438 3256 625 3317 quamquam
654 3235 714 3297 alte
750 3245 855 3296 contra
889 3232 1095 3314 Lambinum,
1128 3243 1296 3324 'novantem

165 3415 169 3423 Ι
213 3339 324 3402 scilicet
339 3385 348 3416 ,
366 3340 485 3424 clamat
505 3343 671 3418 Gruterus,
701 3342 791 3425 plane
808 3342 898 3403 huius
912 3340 972 3403 loci
994 3362 1054 3402 non
1074 3342 1130 3405 cst.

297 3507 377 3566 rac,
411 3485 458 3566 ι4.
488 3489 577 3550 latiis
600 3493 701 3574 potuit
731 3488 820 3572 cett]
863 3488 972 3550 Nescio
1004 3506 1066 3569 quo
1093 3485 1204 3549 infesto
1230 3486 1298 3549 odio

213 3593 248 3658 b·
269 3591 292 3659 l.
315 3614 419 3655 omnes
444 3597 507 3657 fere
535 3599 712 3678 interpretes
739 3597 919 3678 scripturam
937 3595 1074 3656 omnium
1100 3593 1299 3660 cadalaus
1321 3584 1324 3591 ⁴

216 3701 392 3780 persequuti
420 3702 497 3761 sint:
525 3722 604 3782 quae
627 3701 701 3761 mihi
721 3713 784 3762 tarn
802 3700 899 3782 proba
920 3709 950 3760 et
976 3679 1059 3762 certa
1081 3721 1147 3762 esse
1168 3700 1299 3778 videtur,

216 3807 320 3887 utqui
343 3826 427 3868 secus
448 3807 648 3872 iudicaverint
669 3816 863 3890 (quamquam
880 3811 945 3892 ipse
961 3809 1129 3870 Lambinus
1150 3809 1230 3869 inter
1252 3829 1301 3871 eos

215 3915 432 3997 conspicitur),
468 3938 519 3978 eos
552 3917 644 3978 huius
673 3919 730 3979 loci
760 3919 914 3987 rationem
933 3939 994 3980 non
1022 3919 1094 3979 satis
1120 3919 1303 4001 perspexisse

211 4022 325 4090 dicam.
362 4022 442 4090 Nam
464 4023 546 4088 haud
566 4025 658 4089 dubie
676 4023 720 4092 illi
746 4045 860 4103 omnes,
887 4027 940 4110 qui
959 4026 1093 4095 ἱαιεηιίμς
1114 4027 1303 4110 receperunt,
