2736 4696
119 239 210 331 ,34
373 267 379 276 .
555 227 804 337 inrorano

220 413 284 492 62,
322 435 347 475 r.
377 413 421 474 ad
444 435 533 498 quam
565 433 628 473 rem
665 407 775 496 fuerit]
846 409 1046 493 Participium
1073 407 1151 470 dota
1183 405 1217 466 in

138 519 335 582 deterioribus
368 521 455 585 codd.
488 521 521 581 h.
551 519 573 580 l.
602 523 750 580 intrusum
781 522 814 578 in
846 516 997 599 plerisque
1033 513 1216 576 editionibus

140 629 226 710 quasi
254 630 321 688 iure
348 647 403 688 suo
433 625 532 687 locum
563 625 713 686 obtinuit:
747 626 800 685 scd
819 624 906 685 cedat
926 643 1045 684 necesse
1064 632 1110 683 est
1129 619 1219 680 locu-

139 733 316 818 pletioribus
347 732 492 793 testibus:
530 753 601 791 nam
629 730 724 790 multo
760 729 942 793 luculentior
974 739 1005 788 et
1032 725 1220 810 gravior‘fit

141 839 346 901 membrorum
378 839 535 920 oppositio,
567 839 591 897 si
621 837 652 896 in
674 848 803 919 utroque
822 835 899 896 nihil
918 836 975 895 nisi
995 833 1124 896 verbum
1145 831 1221 894 sub-

142 949 306 1019 stantivum
326 946 500 1007 babemus..-

224 1052 287 1132 64,
323 1073 369 1135 19.
401 1065 522 1136 possunt
546 1052 636 1112 iidem
673 1049 752 1110 illud
782 1049 1030 1127 r'udrcinmsuisse
1045 1046 1221 1128 diffudere}

143 1155 301 1240 Aptiorem
329 1156 411 1217 hunc
437 1159 599 1220 verborum
619 1156 758 1217 ordinem
777 1176 833 1237 pro
854 1154 998 1237 vulgato:
1029 1153 1108 1214 illud
1126 1153 1221 1214 iidem

144 1262 205 1323 duo
237 1261 341 1343 optimi
362 1283 432 1323 cum
459 1262 520 1344 pal.
542 1264 720 1324 Taurinensi
743 1266 813 1324 satis
834 1263 964 1322 firmant.
1006 1261 1149 1322 Ceterum
1169 1260 1221 1320 hic

142 1367 227 1430 locus
254 1370 419 1430 necessario
439 1390 494 1453 pro
514 1372 745 1452 interrogatione
764 1368 953 1451 accipiendus
973 1380 1038 1428 est:
1062 1367 1147 1449 quod
1166 1368 1222 1448 qui

143 1475 353 1559 neglexerunt,
387 1477 558 1556 Manutius,
591 1476 734 1558 Stephani
764 1479 876 1557 etipse
900 1473 1084 1550 Lambinus,
1106 1483 1221 1535 temere

143 1584 332 1666 negationem
354 1605 414 1644 non
432 1585 608 1662 antefitisse
627 1581 826 1643 inculcarunt.
878 1583 1024 1641 Graevius
1045 1600 1152 1641 verum
1172 1580 1220 1640 vi·

85 1700 89 1713 “
144 1689 222 1751 disse
242 1690 378 1768 videtur,
399 1712 581 1773 quamquam
605 1689 760 1771 explicatio
779 1689 841 1748 eius
864 1690 941 1748 mire
963 1686 1144 1748 conturbata
1155 1696 1219 1748 est:

142 1816 215 1855 nam
237 1796 336 1857 nescio
358 1817 420 1878 quo
441 1817 542 1856 errore
559 1799 591 1854 in
611 1795 672 1855 boc
699 1795 737 1855 de
759 1795 862 1855 Iunio*
883 1793 1029 1854 iudicium
1057 1794 1221 1877 Oppianici

143 1922 264 1963 causam
294 1903 499 1976 intermiscet,
536 1900 574 1959 de
605 1922 665 1982 qua
692 1921 816 1983 prorsus
847 1921 909 1960 non
936 1902 1094 1984 cogitatur.
1154 1903 1221 1968 Hoc

144 2007 218 2067 dicit
244 2008 371 2070 Cicero:
394 2008 420 2067 si
447 2007 614 2090 quisdicat
636 2007 757 2067 lunium
778 2027 838 2066 non
859 2006 981 2088 quidem
1011 2005 1070 2068 illis
1089 2005 1220 2096 legibus,

66 2131 70 2137 ’
142 2112 253 2197 quibus
283 2123 437 2174 accusatus
464 2114 523 2191 sit,
551 2113 603 2174 sed
638 2112 722 2188 alia,
759 2124 864 2173 contra
891 2133 983 2195 quam
1023 2117 1217 2192 commiserit,

145 2217 210 2283 esse
232 2221 419 2295 damnatum,
441 2241 515 2280 num
534 2219 614 2280 idem
634 2219 814 2281 contendere
833 2231 951 2301 potest,
983 2221 1040 2281 hoc
1060 2221 1153 2284 fuisse
1173 2224 1218 2284 iu·

145 2327 275 2400 dicium,
308 2327 339 2386 in
369 2345 429 2408 quo
457 2326 602 2386 eiusmodi
632 2326 732 2408 legum
762 2326 941 2409 negligentia
972 2338 1003 2388 et
1031 2330 1218 2410 perturbatio

127 2416 264 2495 ¹versata
284 2437 353 2495 est?
565 2510 568 2516 .

229 2561 280 2602 21.
303 2541 423 2621 irfistus
446 2555 506 2603 tum
521 2541 649 2628 populus
671 2542 820 2603 Romanus
841 2541 931 2604 Innio
945 2536 1030 2626 furt]
1082 2540 1218 2605 Foedurn

145 2650 289 2712 mendum
316 2650 400 2712 hunc
431 2649 532 2712 locum
559 2651 631 2712 inde
660 2673 679 2712 a
706 2651 842 2733 principa
875 2648 1006 2711 editione
1036 2649 1175 2726 obsedit,
1199 2670 1216 2710 a

144 2757 230 2819 nullo
257 2760 419 2840 interprete
446 2758 701 2821 animadversum.
734 2758 854 2820 Scilicet
874 2759 916 2820 sic
933 2758 973 2818 ab
992 2758 1133 2818 omnibus
1150 2755 1215 2818 vul-

144 2875 256 2946 gatur:
277 2864 396 2945 irffestm
415 2875 476 2926 tum
493 2878 618 2948 praetor
637 2865 727 2926 Iunio
749 2867 828 2944 fuit.
878 2865 937 2927 Sed
957 2865 1031 2946 quid
1050 2877 1216 2947 praetorem

115 2952 116 2955 Ἴ
148 2989 311 3047 moramur,
330 2973 382 3054 qui
402 2982 549 3055 quantum
569 2971 607 3032 ad
628 2970 750 3033 lunium
771 2971 1002 3054 opprimendum
1023 2971 1138 3048 lecerit,
1159 2975 1216 3032 iam

144 3077 312 3160 expositum
332 3087 415 3154 erat,
437 3077 489 3138 ubi
510 3079 702 3160 quaerimus,
731 3077 805 3160 quid
825 3075 972 3159 populum
993 3076 1032 3137 ad
1053 3098 1124 3138 eum
1145 3099 1215 3140 onn-

144 3183 349 3246 demnandum
377 3182 595 3246 commoverit?
648 3185 723 3246 Nam
751 3196 910 3267 postquam
931 3183 1007 3244 illud
1027 3186 1099 3246 satis
1118 3197 1214 3246 osten·

144 3288 190 3350 dit
208 3300 323 3365 orator,
344 3289 488 3350 iudicium
509 3292 672 3352 lunianum
688 3303 807 3372 praeter
826 3290 905 3374 leges
924 3301 955 3352 et
975 3292 1215 3353 consuetudinem

139 3394 282 3466 ¹habitum
305 3415 389 3471 esse,
418 3395 550 3456 restabat
579 3408 614 3458 ut
632 3395 768 3470 doceret,
806 3396 924 3480 quade
950 3417 1040 3457 causa
1060 3408 1145 3458 tanta
1163 3417 1215 3479 po-

142 3499 207 3583 puli
229 3503 263 3561 in
283 3501 407 3563 Iunium
425 3503 540 3565 invidia
559 3502 688 3565 conflata
707 3505 818 3584 firerit,
838 3515 956 3565 uttam
976 3504 1088 3565 iniusto
1109 3504 1215 3563 iudicio

143 3629 213 3668 eum
233 3608 456 3671 condemnaret.
499 3612 576 3673 Erat
596 3611 667 3690 illa,
687 3622 722 3672 ut
740 3614 841 3673 statim
868 3622 1010 3694 apparet,
1049 3614 1149 3672 viset
1180 3609 1215 3670 li·

143 3717 241 3776 centia
275 3717 455 3778 tribuniciae
487 3720 658 3804 potestatisr
701 3719 761 3781 huc
784 3720 876 3801 igitur
896 3721 956 3779 iam
984 3717 1082 3778 tendit
1110 3720 1212 3793 oratio,

143 3833 173 3883 et
193 3819 344 3904 singulari,
365 3835 430 3885 arte
448 3823 594 3906 paulatim
612 3847 648 3888 eo
666 3829 861 3891 convertitur.
903 3824 981 3885 Nam
1000 3828 1094 3907 ¹qnasi
1110 3827 1142 3887 in
1167 3847 1214 3887 su·

142 3928 310 4009 perioribus
333 3928 411 3990 nihil
443 3930 482 3991 de
509 3931 597 4014 culpa
629 3933 709 4020 Iunii
731 3976 742 4010 ,
768 3932 884 4014 sig'Jqua
918 3941 1011 4012 esset,
1049 3932 1213 3992 detractum

141 4045 217 4097 esset
226 4082 237 4114 ,
262 4036 374 4102 iterum
395 4034 600 4101 adversarium
620 4037 769 4100 dicentem
788 4037 885 4102 facit:
928 4038 1045 4102 nEstot
1074 4038 1166 4103 inerit
1184 4039 1215 4102 'm

446 4260 474 4303 a
501 4232 509 4265 ³
