2736 4696
602 196 784 261 caturca.
933 167 935 174 ’
1161 187 1248 284 205'

148 377 213 440 lroc
227 377 402 441 adverbium
422 382 460 442 ad
480 383 667 466 participium
688 385 820 447 abditum
833 382 1017 466 retulerunt3
1033 388 1233 472 sed‘quonam

144 484 212 545 'hoc
224 488 321 568 ipsum
332 490 375 549 sic
392 490 560 568 retulerint,
575 513 624 554 me
640 494 761 575 quidem
774 492 857 575 fiagit.
869 493 929 554 Sed
948 495 1015 576 quis
1028 497 1120 559 semel
1134 500 1231 558 moui-

90 673 94 679 ·
152 602 203 652 tus
219 591 357 654 dubitare
382 606 489 676 potest,
510 599 583 679 quin
598 599 673 660 haec
691 602 812 660 omnia:
835 620 866 662 v.
887 602 933 661 ιδ.
954 603 1124 664 Faciliusne
1136 638 1178 654 --
1191 632 1233 678 -y

154 723 186 762 v.
207 704 252 765 18.
264 707 466 786 permanare?
492 723 551 762 una
567 704 731 786 eademque
747 704 871 786 periodo
889 707 1110 781 contineantur,
1140 710 1182 768 ita
1197 721 1233 777 ut

150 810 302 889 tripartita
315 811 487 890 quaestione
496 810 716 892 interrogetur:
739 833 779 872 an
786 813 927 892 facilius,
941 834 981 873 an
993 814 1090 887 latua,
1102 837 1146 875 an
1156 817 1232 876 cele-
1248 807 1249 812 ἵ

151 918 214 975 rius
242 938 390 977 venenum
405 927 488 976 artus
501 938 655 998 permeare
667 920 808 999 potuerit,
830 922 863 980 in
878 941 955 1001 panc
968 941 1059 1001 quam
1072 923 1104 981 in
1121 921 1232 1004 poculo
1272 924 1274 931 ’

153 1023 282 1085 datum?
294 1034 365 1090 suut
375 1024 454 1083 enim
465 1022 540 1082 haec
552 1026 631 1100 tria,
648 1047 725 1102 quae
741 1028 869 1086 maxime
881 1030 912 1087 in
925 1026 1080 1109 taliycausa
1088 1041 1232 1113 aguntur.

150 1129 216 1189 lam
233 1149 305 1190 vero
322 1128 392 1190 vide
415 1147 506 1209 quam
532 1137 600 1210 apte
621 1127 725 1209 paucis
748 1129 849 1189 verbis
879 1131 911 1190 in
938 1152 1119 1215 unaquaque
1139 1155 1231 1217 quae-

151 1237 257 1297 stionis
271 1245 356 1316 parte
370 1235 425 1316 per
439 1238 536 1316 ipsam
554 1234 818 1316 interrogationem
831 1235 1023 1296 incommoda
1036 1241 1123 1318 panis
1137 1251 1231 1302 osteu-

150 1343 281 1405 dantur:
296 1342 479 1421 faciliusne,
509 1362 602 1427 quam
628 1342 661 1403 in
674 1342 781 1426 poado
808 1338 873 1400 scil.
894 1339 977 1420 quod
1006 1342 1070 1402 sine
1095 1342 1157 1405 ulla
1178 1367 1231 1407 su-

148 1454 284 1534 spicione
302 1451 508 1511 ministratur?
535 1451 678 1525 latione,
703 1448 835 1508 abditum
856 1448 960 1530 aliqua
980 1448 1013 1508 in
1030 1462 1118 1532 parte
1135 1455 1231 1534 pant's

147 1559 179 1624 h.
202 1581 229 1620 e.
249 1578 454 1640 compressum
481 1557 511 1616 in
537 1555 624 1617 brevi
651 1554 752 1636 aliquo
780 1553 909 1636 angulo,
934 1555 965 1615 in
997 1576 1058 1638 quo
1071 1555 1136 1642 ¹diu
1166 1557 1231 1640 for7

145 1677 225 1726 tasse
256 1666 449 1743 continetur,
491 1668 666 1747 priusquam
690 1685 745 1746 per
770 1674 869 1725 totum
891 1684 1000 1746 corpus
1029 1663 1229 1747 diffunditur,

147 1776 285 1856 quamsi
307 1787 397 1834 totum
415 1773 649 1857 colliquefactum
676 1772 709 1831 in
726 1773 847 1854 potione
874 1775 970 1830 esset?
997 1771 1120 1841 celerius
1143 1770 1229 1834 deni-
1306 1755 1310 1768 ¹

145 1901 220 1962 que,
255 1893 425 1952 consertam,
455 1878 582 1960 ideoque
601 1876 715 1937 tardius
740 1875 905 1958 diffusum,
937 1897 1030 1960 quam
1056 1889 1173 1960 epotum
1197 1889 1228 1945 et

145 1987 188 2046 sic
210 1986 241 2046 iu
262 1987 360 2047 omnis
377 1988 472 2068 partis
495 1984 637 2046 velociter
657 1988 856 2066 permanans?

231 2145 297 2221 123,
328 2164 355 2204 1.
376 2155 502 2226 propter
530 2143 688 2204 multorum
713 2141 858 2203 eiusmodi
889 2160 992 2203 casum
1021 2170 1060 2189 ·-
1087 2136 1228 2224 haberet]

145 2248 279 2330 Longius
301 2249 333 2311 h.
351 2250 373 2311 l'.
392 2271 483 2332 pam
506 2248 599 2333 vulgo
625 2249 713 2310 codd.
733 2249 761 2309 A
784 2260 815 2310 et
832 2250 868 2316 B.
890 2271 909 2310 a
933 2259 1053 2331 recepta
1076 2250 1226 2330 scriptura

142 2355 304 2417 recedunt:
335 2356 427 2417 immo
452 2356 609 2416 manifesta
631 2357 768 2418 diversae
780 2359 962 2419 recensionis
982 2355 1107 2438 vestigia
1125 2365 1228 2416 osten-

142 2461 238 2539 dunt,
276 2484 354 2544 quae
383 2473 498 2546 quanto
533 2465 671 2548 vulgatae
694 2476 844 2546 praestet,
884 2467 974 2526 etiam
999 2464 1057 2524 hoc
1087 2462 1223 2543 exemplo

142 2565 250 2628 elucet.
293 2568 403 2630 Nonne
423 2572 505 2631 euim
524 2559 613 2652 plane
629 2582 747 2652 praeter
764 2582 920 2644 strenuum
940 2568 1092 2630 Ciceronis
1107 2587 1224 2628 morem

141 2672 238 2748 foret,
263 2687 327 2735 tam
346 2677 455 2738 leniter
477 2679 667 2739 temerariam
689 2678 821 2740 veneficii
843 2679 1044 2760 suspicionem
1060 2696 1094 2736 ex
1114 2694 1224 2756 repen-s
1324 2669 1330 2675 ’

140 2784 205 2840 tina
224 2793 322 2843 morte
341 2783 465 2864 petitam
482 2781 638 2845 refellere:
666 2783 742 2844 satis
748 2781 879 2865 firmam
895 2782 1086 2866 suspicionem
1097 2780 1151 2840 hoc
1161 2799 1223 2840 non
1264 2805 1267 2810 ·

104 2946 106 2953 Α
141 2890 275 2951 habere?
303 2890 537 2975 Deniquecasus
549 2913 605 2976 pro
617 2905 710 2952 morte
720 2903 783 2951 tam
796 2899 865 2971 apte
876 2894 990 2970 positus
1000 2896 1083 2949 certe
1101 2907 1163 2947 non
1177 2878 1222 2947 est

139 2987 256 3058 librarii
272 3010 501 3066 commentum:
529 2998 609 3061 lllud
628 3018 749 3081 quoque
769 2994 1069 3059 animadvertendum
1089 3003 1133 3054 est
1150 3013 1220 3074 par·

139 3103 263 3164 ticulum
280 3126 340 3166 non
361 3105 455 3167 verbo
476 3106 596 3167 baberet
613 3105 706 3187 vulgo
723 3104 942 3185 praepositam,
968 3122 1046 3186 quae
1065 3121 1103 3180 er¹
1114 3109 1218 3171 nostra

138 3213 255 3274 ratione
271 3214 343 3275 ferri
364 3235 426 3275 nou
441 3225 558 3298 potest,
596 3215 688 3276 etiam
716 3211 846 3306 absaliis
870 3208 960 3297 codd.
987 3210 1105 3290 omitti,
1136 3207 1219 3290 quod
1270 3300 1273 3307 Ι

139 3324 209 3384 satis
231 3323 370 3407 vulgatae
386 3325 552 3406 scripturae
575 3320 781 3382 infirmitatem
801 3317 942 3381 ostendit.

223 3455 269 3514 13.
296 3453 373 3517 Sex.
395 3451 493 3537 Attio]
531 3453 584 3516 Sic
600 3452 775 3535 scripsimus
791 3467 860 3510 cum
882 3449 970 3510 bonis
992 3445 1096 3509 libris:
1119 3447 1241 3531 quod·-

135 3559 181 3617 vis
212 3557 324 3621 nomen
351 3560 472 3623 obscuri
502 3560 593 3622 huius
625 3559 724 3621 coloni
751 3560 852 3641 potius
878 3554 1108 3640 praeferendum
1131 3566 1214 3635 erat,

135 3685 227 3744 quam
245 3669 344 3748 ipsum
360 3667 436 3730 illud
450 3671 610 3753 Oppianici
624 3669 735 3729 Statius
749 3667 856 3728 Albius
873 3665 929 3726 cfr.
946 3685 978 3748 p.
993 3661 1024 3743 8,
1041 3683 1070 3724 2.
1076 3709 1086 3740 ,
1108 3684 1216 3746 quam·

134 3775 181 3835 vis
202 3773 260 3834 hoc
276 3797 331 3857 per
346 3779 445 3840 omnis
465 3778 611 3851 editiones
630 3775 782 3856 vulgetur.

224 3905 300 3987 124,
328 3905 387 3986 14(
412 3904 451 3967 de
474 3903 491 3936 *
512 3903 605 3965 Ascla
627 3902 770 3989 padam]
808 3904 948 3985 Optimos
976 3899 1065 3967 codd.
1097 3901 1215 3982 sequuti

137 4018 179 4077 sic
201 4017 428 4098 rescripsimus=
454 4012 603 4076 namhoc
629 4011 753 4097 quidem
775 4022 892 4075 certum
917 4021 999 4086 erat,
1028 4028 1138 4070 noman
1159 4006 1215 4070 ali·
1290 4103 1294 4111 Ι
