2736 4696
605 269 790 344 carrion.
1171 288 1237 386 ¹57

235 482 289 526 at.
311 465 483 527 domo'xibi
495 466 702 550 quaerendem
722 465 884 526 remedium
905 458 1110 548 existimavit]
1139 468 1240 531 Domo

148 584 330 655 eor-mptum
338 575 460 634 videtur
467 573 656 656 Orellio,qui
666 594 779 658 qrioquo
787 572 876 632 modo
887 571 1047 652 legendum
1059 595 1123 660 esse
1128 589 1239 639 censet.

149 680 216 740 Cur
237 679 385 752 tandem?
426 681 510 741 Nihil
531 680 667 742 acerbius
687 681 746 740 dici
769 681 868 760 potuit
894 678 932 740 ad
951 679 1100 741 nefarium
1121 682 1240 765 Oppia·

148 788 213 847 nioi
229 787 394 848 eonsilium
414 788 577 887 ignominia
599 788 779 864 notandum,
801 807 893 868 quam
921 785 947 849 si
974 786 1097 848 caedem
1125 785 1239 852 libero

149 914 221 956 rum
244 894 330 977 quasi
350 895 540 956 domesticum
561 899 626 956 eius
647 895 814 955 remedium
834 891 977 974 appellat.
1011 893 1119 976 Neque
1138 907 1237 958 sextus

148 1020 237 1062 casus
257 1001 411 1063 offendere
430 1012 547 1083 potest:
570 1021 642 1061 nam
664 1000 801 1061 similiter
820 999 935 1061 dietum
954 1011 1010 1074 est,
1031 1012 1066 1062 ut
1086 1001 1163 1064 illud
1185 1025 1237 1064 su·

148 1130 216 1191 pra.
240 1130 270 1169 o.
290 1132 321 1171 ι.
342 1108 382 1170 6:
405 1109 432 1169 si
453 1110 497 1170 ad
516 1129 623 1170 caritas
644 1100 762 1169 iridieia
790 1111 856 1182 iam
878 1111 978 1186 ficeta
1005 1108 1095 1170 domo
1122 1111 1236 1189 destro-

151 1238 233 1290 mm5
257 1228 289 1277 et
308 1214 390 1277 Phil.
409 1217 435 1276 Ι.
459 1239 487 1277 ο.
514 1237 561 1277 ιο.
585 1215 646 1295 24:
668 1217 739 1276 hoec
760 1237 828 1289 nno,
850 1236 954 1276 oerum
973 1217 1086 1298 optimo
1112 1231 1235 1279 auctore

147 1321 237 1383 dono
254 1323 377 1406 prolato
398 1322 594 1402 dolendum.

234 1451 296 1504 πο,
324 1430 373 1492 ι8.
392 1453 444 1514 ipe
464 1432 574 1515 optime
594 1430 785 1516 corfirmoto:
807 1428 888 1512 vulg.
922 1432 1057 1515 optima:
1087 1428 1139 1489 sed
1170 1451 1234 1490 non
1285 1454 1287 1460 ’

148 1546 210 1596 tam
231 1548 346 1619 quanta
366 1559 516 1620 quamque
540 1538 636 1598 fausta
656 1540 717 1597 iam
736 1558 856 1618 sperare
875 1537 1007 1617 potuerit
1019 1537 1127 1610 Sassia,
1140 1556 1234 1617 quae-

142 1645 247 1706 ritur:
270 1645 323 1705 sed
344 1645 407 1726 ipsa
430 1666 524 1704 unam
542 1655 662 1704 tautum
684 1654 713 1703 et
733 1655 845 1705 certam
866 1661 968 1725 spem,
989 1641 1102 1703 scilicet
1125 1642 1233 1724 ampli-

149 1754 208 1813 oris
234 1753 428 1826 hereditatis,
465 1752 626 1834 Oppianici
654 1750 756 1812 liberis
783 1753 989 1833 interemptis,
1024 1750 1172 1829 fovebat,
1203 1764 1233 1815 et

150 1877 228 1918 nunc
248 1848 384 1940 quidem,
397 1870 567 1941 perpetrata
587 1858 689 1933 caede,
708 1857 766 1918 hac
788 1878 841 1940 spe
860 1858 996 1918 animum
1015 1879 1104 1919 suum
1119 1861 1232 1942 optime

150 1965 359 2026 confirmatum
379 1967 473 2028 videt.
1054 2032 1057 2037 ,

228 2092 279 2133 20.
304 2072 351 2133 ita
371 2073 453 2156 quod
470 2072 576 2157 oeten]
598 2077 640 2135 sic
661 2074 776 2134 habent
795 2071 885 2134 codd.
910 2070 1012 2155 plures
1033 2082 1063 2135 et
1091 2072 1231 2136 meliores

149 2187 176 2237 et
194 2177 266 2239 edd.
294 2181 448 2260 antiquae,
463 2180 551 2261 quod
572 2201 590 2240 a
609 2182 781 2242 novissimis
809 2178 996 2256 editoribus,
1018 2179 1058 2241 ab
1077 2179 1230 2259 Ernestio,

148 2285 192 2344 cui
212 2286 295 2370 qrmd
313 2287 448 2368 spurium
470 2287 639 2364 videbatur,
654 2309 673 2348 a
693 2287 847 2362 Schtrtzio,
873 2289 946 2370 qui:
963 2310 1101 2371 quunr-
1115 2289 1232 2350 soleant

148 2394 289 2474 reposuit,
301 2403 333 2453 et
350 2394 389 2455 ab
410 2395 539 2473 Orellio,
553 2397 605 2477 qui
625 2397 729 2480 itaque
748 2397 839 2455 ceteri
850 2395 1002 2476 praetulit,
1017 2416 1079 2456 non
1101 2393 1230 2457 debebat

147 2500 274 2560 turbari.
303 2498 353 2560 llli
374 2501 578 2562 enimomnes
599 2523 661 2562 non
684 2503 878 2562 attenderunt
896 2501 936 2561 ad
958 2523 1029 2562 eum
1044 2524 1133 2562 usum
1154 2522 1228 2562 con-

146 2604 306 2666 iunctionis
332 2608 423 2692 quod,
456 2628 516 2690 qno
552 2608 590 2668 ad
627 2609 834 2690 exponendam
869 2609 1057 2669 diversarum
1087 2610 1167 2668 inter
1197 2629 1229 2671 se

145 2715 275 2799 partium
315 2717 534 2797 oppositionem
554 2754 557 2758 Δ
575 2715 761 2792 adhibetur,
793 2719 921 2776 maxime
957 2714 1011 2775 uhi
1032 2736 1067 2775 ex
1100 2734 1228 2775 numero

145 2820 246 2903 aliquo
267 2824 357 2881 ceteri
374 2833 571 2903 opponuntur
591 2825 647 2883 uni
665 2833 719 2882 aut
734 2823 854 2906 paucio,
879 2823 930 2906 qui
955 2821 1025 2881 inde
1044 2822 1227 2880 eximuntur.

144 2925 208 2986 flac
230 2925 338 2986 eadem
360 2929 476 2987 ratione
496 2926 577 2987 infra
596 2950 624 2988 c.
644 2927 695 3010 67.
724 2949 791 3010 ¹9⁰·
813 2948 886 2988 vera
907 2924 966 2988 loci
991 2927 1108 3004 forma,
1134 2948 1226 3008 quam

119 3022 174 3094 ¹'ex
204 3032 297 3095 codd.
325 3037 529 3113 restituemus,
558 3035 634 3095 haec
664 3045 724 3094 est:
753 3033 824 3094 ¹Ito
852 3033 935 3118 quod
958 3033 1041 3118 apud
1060 3047 1168 3094 ceteros
1192 3065 1227 3080 ·-

141 3163 230 3226 saepe
237 3141 322 3226 fieri
340 3140 478 3202 divortia
497 3142 650 3202 videmus:
668 3144 740 3202 haec
759 3144 867 3202 nuilier
883 3151 955 3200 cett.
976 3143 1050 3200 item
1070 3162 1126 3221 pro
1141 3141 1224 3202 Fon-

140 3252 198 3311 teio
210 3272 249 3311 e.
264 3271 303 3332 ¹9.
326 3269 390 3309 20:
417 3249 507 3333 Quod
521 3263 637 3310 ceterae
650 3272 709 3334 pro
742 3251 932 3330 religionibus
958 3249 1019 3309 suis
1043 3248 1120 3307 bella
1140 3251 1226 3311 susci·

137 3358 243 3442 pium,
267 3355 342 3415 istae
360 3369 466 3417 contra
487 3359 619 3418 omnium
640 3358 804 3437 religiones.

222 3484 276 3537 21,
303 3483 333 3522 2.
352 3464 524 3544 limandum]
567 3464 708 3544 Optimos
727 3465 820 3525 libros
843 3465 961 3547 sequuti
982 3463 1135 3547 vulgatam
1156 3469 1226 3528 scri·

138 3584 262 3655 pturam
294 3573 447 3634 iocwuius
481 3574 683 3647 deseruimus,
707 3585 746 3650 et,
771 3577 845 3649 iure,
869 3575 989 3654 opinor.
1032 3573 1108 3634 Nam
1141 3563 1224 3657 quod

137 3680 260 3764 Sylvius
292 3676 367 3739 olim
395 3678 483 3755 dixit,
510 3689 541 3738 et
561 3678 670 3760 reliqui
689 3680 818 3739 editores
839 3678 981 3760 probasse
1002 3678 1155 3753 videntur,
1176 3683 1223 3742 iu-

135 3788 260 3850 ondin
292 3784 484 3847 referendum
515 3807 579 3846 esse
611 3786 650 3846 ad
677 3786 856 3868 cupidiorem
886 3784 917 3844 id
949 3806 1054 3845 verum
1075 3807 1137 3845 non
1157 3798 1221 3848 est:

136 3894 221 3956 nulla
249 3903 329 3955 esset
353 3893 432 3952 inter
465 3902 631 3973 utrumque
667 3890 925 3972 comparativum,
954 3892 978 3949 si
1000 3890 1221 3968 admitteretur,

135 4001 331 4064 ooniunetio:
354 4021 426 4060 nam
456 3999 496 4059 ad
526 3999 674 4059 alterum:
704 3999 871 4082 cimidiores
902 3996 1129 4079 intelligendum
1160 4010 1221 4059 est:

135 4130 225 4192 priam
247 4109 529 4192 alli-hommenqni
542 4106 651 4168 liberos
663 4127 723 4167 non
740 4107 870 4183 liabent,
888 4105 979 4189 idque
1003 4108 1223 4199 excusationem
