2736 4696
150 286 218 361 162
559 274 812 362 annornrto

141 463 357 547 participium,
388 452 441 522 sed
472 452 590 543 copulis
621 462 692 522 satis
713 457 898 521 disiunctum
924 458 1037 519 iterum
1066 453 1178 539 legitur
1205 475 1238 516 c·

115 555 118 565 ¹
143 593 195 656 29.
217 593 277 656 79:
302 572 341 632 L.
364 572 531 656 Quinctius,
552 573 640 632 horno
660 591 751 655 picum
769 587 888 630 surnmu
904 580 1048 654 potestate
1062 563 1238 650 praeditis,

141 695 204 743 tum
227 682 275 742 ad
288 661 519 767 iry‘lommnndos
538 681 659 741 animos
680 679 877 741 multitudinis
891 673 1143 738 accomnzodatus.

225 810 256 872 9.
286 790 362 849 iniri
388 790 467 848 enim
493 785 659 869 cornilione]
709 788 850 848 Primum
887 783 1054 845 multorum
1084 782 1238 843 librorum

143 901 323 958 auctoritate
344 897 398 972 id,
437 895 520 978 qnod
540 894 632 978 vulgo
662 905 732 955 aute
764 895 921 956 consilium
948 892 1088 980 additur,
1118 888 1238 975 delevi-

142 1027 233 1066 mus:
257 1002 382 1065 consilio
398 983 485 1064 'enim
509 1001 644 1062 nondum
664 1001 798 1083 exposito
818 1020 986 1083 pronomen
1004 996 1239 1058 incommodum

142 1122 218 1172 erat.
264 1111 335 1188 Quo
354 1096 434 1169 iacto
455 1111 637 1191 praestantia
669 1106 837 1189 scripturae
874 1105 975 1184 iniri,
1005 1126 1098 1186 quam
1128 1098 1241 1166 contra

142 1198 377 1307 ¹Taurinensem,
399 1217 453 1299 qui
474 1218 550 1277 inire
570 1215 710 1298 praebet,
735 1214 843 1297 optimi
861 1214 958 1274 nostri
977 1204 1118 1290 tuentur,
1137 1215 1239 1294 magis

81 1311 86 1321 ⁴
143 1325 262 1388 elucet:
299 1346 372 1384 narn
401 1323 486 1406 prior
512 1326 676 1385 sententiae
705 1343 775 1405 pars
809 1322 848 1383 de
884 1319 1019 1381 ineundo
1046 1320 1174 1381 consilio
1203 1321 1238 1382 in

117 1488 118 1493 ,
141 1436 332 1506 universum,
354 1429 484 1511 ideoque
505 1430 604 1511 aptius
629 1452 685 1513 per
711 1433 864 1513 passivum
884 1432 1072 1506 enuntiatur,
1095 1449 1239 1510 praeser-

141 1542 197 1600 tim
218 1559 313 1621 quum
334 1536 373 1597 ad
394 1539 529 1598 activum
546 1537 745 1613 infinitivum,
769 1539 794 1599 si
808 1547 986 1620 poneretur,
999 1535 1131 1596 verbum
1148 1554 1240 1619 poste

141 1646 237 1707 nimio
257 1644 420 1705 intervallo
444 1647 613 1707 seiunctum
635 1646 719 1707 haud
740 1644 828 1707 facile
848 1642 956 1706 referri
980 1656 1092 1727 posset.
1134 1647 1172 1706 ln
1188 1646 1258 1707 al-·

141 1765 207 1838 tera
227 1762 329 1813 autem
353 1764 458 1835 parte,
479 1754 533 1813 ubi
554 1753 658 1814 addita
687 1750 840 1836 particula
868 1751 1016 1812 cimmodi
1035 1773 1084 1813 res
1104 1775 1140 1813 ex
1164 1728 1238 1815 uni-⁸

141 1861 252 1923 versali
273 1864 421 1923 sententia
441 1864 474 1922 in
497 1873 686 1944 praesentem
706 1864 856 1923 actionem
878 1858 1027 1920 translata
1057 1869 1128 1938 est,
1164 1882 1238 1923 oum

141 1969 228 2030 libris
248 1969 389 2031 omnibus
405 1969 550 2056 perficem
566 1991 623 2053 pro
642 1970 766 2054 vulgato
785 1971 895 2056 perfici
918 1970 1051 2050 recipere
1085 1990 1151 2030 non
1178 1969 1238 2031 du-

140 2075 317 2141 bitavimus.

224 2202 276 2243 20.
296 2183 340 2242 ibi
357 2181 452 2266 diem]
505 2183 584 2246 Aet
603 2183 629 2247 B
651 2182 685 2252 b.
705 2184 728 2252 l.
758 2184 815 2247 soli
837 2205 943 2248 raram
970 2184 1154 2265 scripturam
1187 2187 1237 2246 in·

141 2298 316 2370 corruptam
348 2301 597 2371 repraesentant,
633 2291 744 2352 omissa
778 2289 887 2373 copula
918 2293 964 2366 et',
991 2312 1068 2372 quae
1100 2304 1173 2354 ante
1191 2294 1237 2354 ibi

138 2395 331 2455 incommode
365 2398 482 2457 intrusa
512 2409 600 2458 erat:
632 2398 760 2459 eandem
793 2400 888 2465 Taur.
917 2397 1041 2478 omittit,
1062 2400 1116 2460 sed
1137 2423 1234 2484 quum

139 2500 233 2584 paulo
253 2514 324 2564 ante
354 2504 406 2564 ubi
437 2526 494 2587 pro
522 2505 566 2564 ibi
597 2503 754 2581 exhibeat,
777 2507 860 2588 quod
878 2487 1068 2569 festinantius
1089 2507 1137 2568 Cl.
1151 2510 1233 2592 Pey-

138 2612 245 2671 ronius
266 2610 428 2692 probavit,
449 2632 558 2672 verum
581 2629 685 2673 rursus
706 2608 907 2675 oblitteravit.
951 2613 1086 2696 Vulgata
1107 2617 1232 2698 scriptu·

137 2738 174 2777 ra
202 2729 231 2777 et
261 2717 306 2776 ibi
331 2716 412 2776 diem
437 2714 636 2778 intolerabilis
657 2728 741 2778 erat:
771 2719 970 2800 quamobrem
1006 2743 1025 2781 a
1053 2723 1232 2784 recentiori-

35 2818 40 2824 ’
141 2823 202 2885 bus
223 2824 364 2884 Lambini
400 2827 573 2885 coniectura
603 2837 632 2886 et
650 2805 760 2887 ibidem
791 2827 873 2889 diem
909 2830 975 2890 iure
995 2833 1091 2912 magis
1119 2821 1233 2914 proba-

68 2956 71 2972 ·
137 2931 251 2992 batur:
274 2953 358 2990 nnnc
379 2941 481 2990 autem
502 2932 666 3012 repetitum
685 2933 750 2994 sine
770 2935 880 3018 copula
900 2937 944 2995 ibi
958 2936 1089 2997 eundem
1109 2959 1231 3000 sensum

102 3113 104 3118 1
136 3040 245 3101 fortius
264 3049 294 3098 et
316 3038 481 3120 elegantius
502 3042 650 3123 exprimit.

222 3167 282 3229 27,
304 3145 336 3207 6.
359 3143 498 3226 discedit]
542 3144 654 3204 Merito
676 3144 811 3206 Orellius
833 3147 977 3230 Peyronii
1000 3153 1154 3213 rationem
1174 3153 1230 3214 im-

138 3253 269 3336 probat,
302 3255 374 3334 qui,
407 3261 528 3331 recepta
558 3232 655 3309 forma
692 3251 872 3330 disceditur,
908 3277 987 3336 quae
1015 3257 1048 3318 in
1077 3257 1174 3321 Taur.
1200 3272 1230 3323 et

135 3359 219 3421 bona
238 3370 325 3442 parte
348 3371 522 3421 nostrorum
543 3358 714 3440 legitur,sic
734 3358 981 3446 distinguendum
1003 3364 1107 3428 duxit:
1130 3371 1230 3455 appel·

136 3468 183 3527 lat
209 3469 283 3553 ipse.
328 3470 513 3530 Testamento
549 3503 590 3516 -
625 3466 800 3536 disceditur.
861 3471 942 3532 Nam
976 3495 1146 3555 pronomen
1168 3480 1229 3562 ipae

136 3573 234 3654 priori
266 3578 430 3635 sententiae
461 3596 618 3636 annexum·
643 3575 822 3660 langueret:
859 3579 947 3639 initio
974 3600 1049 3641 vero
1078 3587 1229 3665 sequentis

136 3686 344 3764 praepositum
367 3705 464 3764 paene
485 3685 687 3746 necessarium
708 3697 779 3748 estc
809 3709 881 3748 nam
903 3688 1044 3771 deinceps
1074 3704 1227 3768 narratur,

135 3791 210 3874 quid
230 3791 327 3853 tribus
349 3790 408 3852 illis
430 3793 630 3874 hominibus,
660 3796 713 3878 qui
742 3795 823 3858 hanc
854 3797 988 3857 fabulam
1021 3811 1163 3879 egerunt,
1185 3801 1229 3861 fa·

136 3888 220 3961 ctum
242 3903 292 3980 sit,
314 3903 463 3984 cuiusque
483 3903 606 3963 nomine
628 3904 811 3986 praemisso:
842 3905 895 3966 sed
914 3927 1010 3988 quum
1041 3906 1228 3989 Oppianicus

135 4005 228 4066 modo
249 4009 424 4067 nominatus
446 4020 544 4086 esset,
563 4011 626 4093 ipse
651 4011 783 4070 nominis
802 4010 905 4071 locum
927 4012 1067 4090 obtinet,
1102 4028 1133 4077 et
1164 4019 1226 4078 eius

135 4113 276 4195 quidem,
308 4116 362 4196 qui
393 4117 486 4193 totius
518 4116 631 4199 negotii
667 4117 806 4178 conditor
826 4118 935 4181 iuerat,
991 4122 1096 4201 Quum
1127 4137 1225 4188 autem
