2736 4696
110 343 111 351 ,
150 273 218 348 188
561 264 807 327 ADNOTATIO
851 304 855 328 .

225 446 260 513 6·
293 449 333 510 Ρ.
371 447 627 527 OctaviosBalbo]
683 449 772 515 Verr.
804 448 859 526 1'1',
891 468 938 508 12.
962 446 1014 508 31.
1037 444 1073 505 L.
1098 440 1224 524 quidam

147 556 294 620 Octavius
325 551 436 614 Balbus
467 554 541 614 iuris
568 564 599 615 et
628 552 717 615 officii
744 555 940 636 peritissimus
961 560 1227 627 commemoratur,

145 685 237 747 quem
266 663 422 724 Ernestius
453 671 483 744 et
511 663 694 721 Garatonius
723 660 853 721 eundem
882 681 952 720 cum
979 668 1083 720 nostro
1112 654 1228 717 Publio

147 769 336 832 hahuerunt:
359 771 425 828 iure
446 775 547 828 tamen
569 779 674 828 neuter
697 779 822 851 propter
848 770 991 829 incertam
1019 767 1226 846 suspicionem

145 897 327 959 praenomen
346 877 485 936 mutavit.

232 999 291 1084 75,
314 1021 362 1066 20.
384 1001 553 1081 ignorantia
572 997 630 1081 sni]
663 997 786 1082 Ubique
810 999 872 1060 sere
893 999 972 1058 inter
991 996 1069 1056 hanc
1091 993 1225 1054 formam

145 1115 176 1168 et
193 1103 318 1165 'alteram
345 1107 489 1186 ignoratio
517 1102 664 1164 fluctuant
693 1101 782 1163 libris
805 1124 837 1164 v.
856 1124 880 1167 c.
903 1103 1124 1183 Fam.11‚29.
1159 1101 1227 1167 init.

145 1216 331 1296 ignoratione
362 1235 462 1275 raram
491 1214 643 1286 omnium,
683 1212 737 1272 ubi
757 1213 929 1272 Gronovius
950 1207 1110 1292 praetulit:
1136 1209 1227 1290 igno-

143 1322 253 1385 rantia.
294 1319 393 1384 Amic.
416 1340 444 1381 c.
473 1339 520 1402 ¹9·
538 1332 663 1403 propter
686 1321 900 1400 ignorationem
919 1318 974 1390 (al.
1002 1316 1225 1397 ignorantiam)

143 1425 243 1506 stirpis
263 1436 292 1483 et
308 1424 433 1504 generis.
485 1424 662 1506 Ignorantia
684 1428 795 1484 intacta
813 1433 874 1485 'stat
893 1443 947 1505 pro
967 1421 1068 1483 Flacc.
1093 1442 1145 1481 ao.
1163 1418 1224 1500 46:

143 1531 196 1591 nbi
225 1531 302 1589 nihil
325 1544 444 1614 possent
470 1531 580 1592 discere
613 1533 672 1591 nisi
703 1533 902 1613 ignorantiam
936 1530 1120 1590 litterarum:
1151 1548 1225 1588 nam

143 1637 217 1698 haec
236 1636 329 1698 verba
347 1638 497 1698 immerito
517 1640 550 1698 in
570 1639 770 1719 suspicionem
790 1647 897 1698 vocata
917 1636 1016 1696 firmat
1046 1632 1224 1696 scholiastes

142 1765 239 1826 nuper
266 1765 284 1804 a
305 1745 386 1807 Maio
405 1743 519 1827 publici
547 1746 624 1823 iuris
642 1744 751 1805 factus.
776 1765 806 1824 p.
826 1762 876 1825 29.
899 1740 930 1802 Si
954 1740 1036 1823 quod
1062 1743 1224 1823 utriusque

141 1851 256 1912 formae
275 1852 433 1912 discrimen
453 1850 673 1911 admittendum
694 1852 745 1927 sit,
764 1847 949 1909 hauddubie
967 1849 999 1908 iu
1022 1869 1058 1908 eo
1072 1849 1220 1920 cernitur,

142 1958 224 2039 quod
258 1959 405 2037 ignoratio
436 1959 469 2017 in
504 1957 626 2039 singulis
653 1956 743 2016 rebus
771 1954 853 2018 male
881 1954 1039 2015 inteliectis
1066 1962 1218 2032 ¹versetur,

120 2063 309 2141 >ignorantia
332 2062 456 2144 insitum
474 2062 565 2122 animi
586 2063 694 2125 vitium
715 2061 883 2122 contineat:
900 2061 981 2144 quod
1002 2063 1100 2144 ipsum
1115 2071 1220 2122 nostro

142 2166 212 2229 loco
236 2168 427 2250 conspicitur.

225 2311 291 2372 77,
311 2289 344 2350 6.
366 2291 410 2350 ita
436 2291 534 2351 vivit:
568 2290 610 2351 sic
630 2288 699 2350 dedi
720 2311 755 2351 ex
774 2291 863 2373 longe
882 2291 1032 2374 plerisque
1053 2291 1143 2353 codd.
1164 2309 1220 2375 pro

76 2414 79 2424 “
139 2395 262 2478 vulgato
292 2397 388 2456 vivat:
413 2395 575 2458 indicativo
594 2407 664 2479 apte
689 2399 950 2482 respondet,quod
969 2420 1039 2460 mox
1058 2400 1124 2461 sine
1158 2398 1220 2462 ulla

138 2504 284 2567 varietate
302 2503 462 2586 sequitur=
483 2506 593 2587 siquis
616 2537 652 2554 -
673 2504 790 2566 nitintr.

222 2625 281 2711 78,
309 2625 618 2711 14.al1'qnidfnisse]
663 2627 755 2704 Quod
783 2627 875 2712 vulgo
903 2627 1026 2691 additur
1051 2639 1217 2714 nequeant

138 2733 221 2818 quod
247 2733 286 2794 ad
319 2755 441 2795 sensum
469 2734 576 2795 melius
596 2744 653 2812 est,
675 2757 759 2816 tngo,
783 2736 866 2796 omui
886 2738 1063 2797 auctoritate
1088 2735 1212 2797 destitu-

56 2851 68 2876 ⁵
138 2851 206 2902 tum
234 2850 299 2902 est:
329 2839 434 2901 reduxi
461 2841 554 2922 igitur
581 2842 742 2922 pristinam
771 2844 935 2904 sententiae
958 2842 1113 2921 formam,
1140 2861 1215 2927 quae

141 2948 227 3009 nullo
247 2946 345 3008 fulcro
366 2957 440 3029 eget.

225 3067 542 3156 17.nnetanr]h.1.
565 3080 600 3130 ut
629 3072 747 3152 saepius
778 3073 884 3153 optimi
910 3074 1004 3134 nostri
1031 3073 1121 3133 codd.
1142 3095 1214 3134 con-

138 3175 262 3240 firmant
280 3180 460 3260 scripturam
479 3177 639 3260 Lambini,
655 3181 709 3261 qui
729 3200 871 3262 persaepe
890 3183 980 3240 edam
1010 3180 1064 3240 ubi
1097 3180 1213 3242 fontem

137 3283 273 3346 indicare
293 3284 478 3368 supersedit,
499 3284 647 3362 librorum
667 3289 876 3346 auctoritatem
896 3287 1043 3368 sequitur.
1084 3285 1128 3348 Et
1149 3309 1212 3350 om·

136 3389 211 3450 nino
242 3392 313 3452 satis
340 3401 442 3472 aperte
471 3391 584 3454 Accius
611 3394 774 3453 iactaverat
790 3393 909 3454 iudiciis
932 3394 1016 3454 sactis
1039 3406 1213 3476 corruptum

137 3497 298 3580 Oppianici
325 3497 469 3559 iudicium
500 3519 564 3560 esse
597 3500 791 3579 convictum,
824 3511 938 3562 utnon
958 3499 1057 3562 solum
1081 3499 1141 3561 illis
1159 3503 1215 3564 niti

137 3602 320 3666 videreta
328 3624 356 3666 r.

218 3723 280 3806 80,
302 3745 333 3787 2.
353 3723 526 3810 maiestatis]
567 3725 741 3791 Necessaria
769 3729 910 3809 videtur,
937 3731 962 3791 si
992 3740 1073 3791 recte
1094 3743 1213 3795 senten·

136 3829 211 3892 tiam
230 3828 445 3914 perpenderis,
472 3831 563 3893 huius
593 3834 724 3895 nominis
745 3837 894 3914 accessio,
923 3855 1014 3917 quam
1034 3839 1157 3919 optimis
1176 3839 1214 3901 li·

135 3928 201 4000 bris
220 3939 375 4005 debemus.
415 3937 495 4000 Nam
528 3941 560 4000 in
585 3962 621 4002 eo
640 3945 741 4006 omnis
765 3945 983 4027 argumentatio
1012 3945 1152 4021 vertitur,
1175 3954 1212 4006 ut

135 4043 241 4108 'eadem
260 4067 308 4108 res
322 4047 441 4112 diversa
453 4049 708 4136 rationedecerni
725 4071 811 4138 posse
823 4053 1043 4119 demonstretur
1060 4054 1094 4118 in
1108 4052 1212 4118 litibiu
