<?xml version="1.0" encoding="UTF-8"?>
<!DOCTYPE html PUBLIC "-//W3C//DTD XHTML 1.0 Transitional//EN"
    "http://www.w3.org/TR/xhtml1/DTD/xhtml1-transitional.dtd">
<html xmlns="http://www.w3.org/1999/xhtml" xml:lang="en" lang="en">
 <head>
  <title>
</title>
<meta http-equiv="Content-Type" content="text/html;charset=utf-8" />
  <meta name='ocr-system' content='tesseract 3.04.00' />
  <meta name='ocr-capabilities' content='ocr_page ocr_carea ocr_par ocr_line ocrx_word'/>
</head>
<body>
  <div class='ocr_page' id='page_1' title='image "./mtulliiciceroni00clasgoog_0210.png"; bbox 0 0 2736 4696; ppageno 0'>
   <div class='ocr_carea' id='block_1_1' title="bbox 528 270 1152 353">
    <p class='ocr_par' dir='ltr' id='par_1_1' title="bbox 528 270 1152 353">
     <span class='ocr_line' id='line_1_1' title="bbox 528 270 1152 353; baseline 0.029 -18"><span class='ocrx_word' id='word_1_1' title='bbox 528 270 710 339; x_wconf 74' lang='lat' dir='ltr'><strong>eutrici.</strong></span> <span class='ocrx_word' id='word_1_2' title='bbox 1084 281 1152 353; x_wconf 77' lang='lat'><strong>181</strong></span> 
     </span>
    </p>
   </div>
   <div class='ocr_carea' id='block_1_2' title="bbox 10 448 1155 2668">
    <p class='ocr_par' dir='ltr' id='par_1_2' title="bbox 10 448 1155 854">
     <span class='ocr_line' id='line_1_2' title="bbox 10 448 1150 534; baseline 0.004 -24"><span class='ocrx_word' id='word_1_3' title='bbox 10 448 13 455; x_wconf 80' lang='grc'><strong>“</strong></span> <span class='ocrx_word' id='word_1_4' title='bbox 70 449 202 525; x_wconf 84' lang='lat' dir='ltr'><strong>maxime</strong></span> <span class='ocrx_word' id='word_1_5' title='bbox 233 462 358 534; x_wconf 90' lang='lat' dir='ltr'><strong>propter</strong></span> <span class='ocrx_word' id='word_1_6' title='bbox 386 470 452 515; x_wconf 88' lang='lat' dir='ltr'><strong>eam</strong></span> <span class='ocrx_word' id='word_1_7' title='bbox 481 455 649 517; x_wconf 88' lang='lat' dir='ltr'><strong>verendum</strong></span> <span class='ocrx_word' id='word_1_8' title='bbox 669 463 745 516; x_wconf 88' lang='lat' dir='ltr'><strong>esset</strong></span> <span class='ocrx_word' id='word_1_9' title='bbox 768 473 820 514; x_wconf 90' lang='lat' dir='ltr'><strong>reo</strong></span> <span class='ocrx_word' id='word_1_10' title='bbox 831 501 841 532; x_wconf 93' lang='lat'><strong>,</strong></span> <span class='ocrx_word' id='word_1_11' title='bbox 873 475 912 514; x_wconf 91' lang='lat' dir='ltr'><strong>ne</strong></span> <span class='ocrx_word' id='word_1_12' title='bbox 946 452 1150 531; x_wconf 83' lang='lat' dir='ltr'><strong>damnaretur,</strong></span> 
     </span>
     <span class='ocr_line' id='line_1_3' title="bbox 72 559 1155 645; baseline 0.006 -26"><span class='ocrx_word' id='word_1_13' title='bbox 72 559 157 640; x_wconf 85' lang='lat' dir='ltr'><strong>quod</strong></span> <span class='ocrx_word' id='word_1_14' title='bbox 180 561 279 643; x_wconf 90' lang='lat' dir='ltr'><strong>ipsum</strong></span> <span class='ocrx_word' id='word_1_15' title='bbox 297 559 442 642; x_wconf 88' lang='lat' dir='ltr'><strong>particula</strong></span> <span class='ocrx_word' id='word_1_16' title='bbox 468 563 532 623; x_wconf 81' lang='grc' dir='ltr'><strong>ἰαηι</strong></span> <span class='ocrx_word' id='word_1_17' title='bbox 554 563 723 640; x_wconf 86' lang='lat' dir='ltr'><strong>indicatur,</strong></span> <span class='ocrx_word' id='word_1_18' title='bbox 753 584 830 645; x_wconf 90' lang='lat' dir='ltr'><strong>quae</strong></span> <span class='ocrx_word' id='word_1_19' title='bbox 855 561 932 623; x_wconf 88' lang='lat' dir='ltr'><strong>nihil</strong></span> <span class='ocrx_word' id='word_1_20' title='bbox 952 564 1046 645; x_wconf 87' lang='lat' dir='ltr'><strong>magis</strong></span> <span class='ocrx_word' id='word_1_21' title='bbox 1075 585 1155 625; x_wconf 92' lang='lat' dir='ltr'><strong>con·</strong></span> 
     </span>
     <span class='ocr_line' id='line_1_4' title="bbox 70 667 1155 753; baseline 0.003 -26"><span class='ocrx_word' id='word_1_22' title='bbox 70 677 246 729; x_wconf 83' lang='lat' dir='ltr'><strong>sentaneum</strong></span> <span class='ocrx_word' id='word_1_23' title='bbox 266 667 359 743; x_wconf 75' lang='lat' dir='ltr'><strong>luisse</strong></span> <span class='ocrx_word' id='word_1_24' title='bbox 377 668 519 750; x_wconf 86' lang='lat' dir='ltr'><strong>ostendit,</strong></span> <span class='ocrx_word' id='word_1_25' title='bbox 532 690 624 752; x_wconf 90' lang='lat' dir='ltr'><strong>quam</strong></span> <span class='ocrx_word' id='word_1_26' title='bbox 642 667 727 753; x_wconf 92' lang='lat' dir='ltr'><strong>quod</strong></span> <span class='ocrx_word' id='word_1_27' title='bbox 744 667 971 730; x_wconf 87' lang='lat' dir='ltr'><strong>multitudinem</strong></span> <span class='ocrx_word' id='word_1_28' title='bbox 991 669 1155 730; x_wconf 89' lang='lat' dir='ltr'><strong>criminum</strong></span> 
     </span>
     <span class='ocr_line' id='line_1_5' title="bbox 71 764 727 854; baseline 0.003 -20"><span class='ocrx_word' id='word_1_29' title='bbox 71 774 306 854; x_wconf 79' lang='lat' dir='ltr'><strong>pertimesceret.</strong></span> <span class='ocrx_word' id='word_1_30' title='bbox 725 764 727 769; x_wconf 39' lang='lat'>¹</span> 
     </span>
    </p>

    <p class='ocr_par' dir='ltr' id='par_1_3' title="bbox 19 875 1152 2453">
     <span class='ocr_line' id='line_1_6' title="bbox 156 875 1152 966; baseline 0.006 -28"><span class='ocrx_word' id='word_1_31' title='bbox 156 875 208 957; x_wconf 69' lang='lat'><strong>14.</strong></span> <span class='ocrx_word' id='word_1_32' title='bbox 243 899 320 962; x_wconf 75' lang='lat' dir='ltr'><strong>qraae</strong></span> <span class='ocrx_word' id='word_1_33' title='bbox 348 879 395 940; x_wconf 84' lang='lat' dir='ltr'><strong>ad</strong></span> <span class='ocrx_word' id='word_1_34' title='bbox 420 899 490 940; x_wconf 84' lang='lat' dir='ltr'><strong>eam</strong></span> <span class='ocrx_word' id='word_1_35' title='bbox 524 903 587 944; x_wconf 84' lang='lat' dir='ltr'><strong>rem</strong></span> <span class='ocrx_word' id='word_1_36' title='bbox 611 881 780 966; x_wconf 77' lang='lat' dir='ltr'><strong>pertinent:</strong></span> <span class='ocrx_word' id='word_1_37' title='bbox 817 880 934 963; x_wconf 84' lang='lat' dir='ltr'><strong>vulgo:</strong></span> <span class='ocrx_word' id='word_1_38' title='bbox 968 905 1047 966; x_wconf 83' lang='lat' dir='ltr'><strong>qnae</strong></span> <span class='ocrx_word' id='word_1_39' title='bbox 1075 903 1152 944; x_wconf 83' lang='lat' dir='ltr'><strong>nuno</strong></span> 
     </span>
     <span class='ocr_line' id='line_1_7' title="bbox 69 983 1152 1070; baseline 0.004 -25"><span class='ocrx_word' id='word_1_40' title='bbox 69 983 113 1045; x_wconf 85' lang='lat' dir='ltr'><strong>od</strong></span> <span class='ocrx_word' id='word_1_41' title='bbox 145 1006 214 1046; x_wconf 85' lang='lat' dir='ltr'><strong>eam</strong></span> <span class='ocrx_word' id='word_1_42' title='bbox 247 1007 310 1046; x_wconf 80' lang='lat' dir='ltr'><strong>tem</strong></span> <span class='ocrx_word' id='word_1_43' title='bbox 325 987 500 1070; x_wconf 79' lang='lat' dir='ltr'><strong>pertinent,-</strong></span> <span class='ocrx_word' id='word_1_44' title='bbox 529 988 581 1049; x_wconf 91' lang='lat' dir='ltr'><strong>sed</strong></span> <span class='ocrx_word' id='word_1_45' title='bbox 615 1011 691 1049; x_wconf 86' lang='lat' dir='ltr'><strong>nune</strong></span> <span class='ocrx_word' id='word_1_46' title='bbox 718 1010 781 1049; x_wconf 90' lang='lat' dir='ltr'><strong>non</strong></span> <span class='ocrx_word' id='word_1_47' title='bbox 809 988 906 1048; x_wconf 89' lang='lat' dir='ltr'><strong>solum</strong></span> <span class='ocrx_word' id='word_1_48' title='bbox 931 986 1059 1065; x_wconf 90' lang='lat' dir='ltr'><strong>inutile,</strong></span> <span class='ocrx_word' id='word_1_49' title='bbox 1098 988 1152 1049; x_wconf 90' lang='lat' dir='ltr'><strong>sed</strong></span> 
     </span>
     <span class='ocr_line' id='line_1_8' title="bbox 67 1086 1151 1176; baseline 0.005 -27"><span class='ocrx_word' id='word_1_50' title='bbox 67 1086 157 1150; x_wconf 81' lang='lat' dir='ltr'><strong>valde</strong></span> <span class='ocrx_word' id='word_1_51' title='bbox 190 1089 416 1152; x_wconf 87' lang='lat' dir='ltr'><strong>incommodum</strong></span> <span class='ocrx_word' id='word_1_52' title='bbox 445 1102 528 1152; x_wconf 88' lang='lat' dir='ltr'><strong>erat:</strong></span> <span class='ocrx_word' id='word_1_53' title='bbox 569 1091 626 1153; x_wconf 92' lang='lat' dir='ltr'><strong>hoc</strong></span> <span class='ocrx_word' id='word_1_54' title='bbox 660 1094 741 1153; x_wconf 87' lang='lat' dir='ltr'><strong>enim</strong></span> <span class='ocrx_word' id='word_1_55' title='bbox 765 1103 901 1174; x_wconf 87' lang='lat' dir='ltr'><strong>tempora</strong></span> <span class='ocrx_word' id='word_1_56' title='bbox 940 1092 1017 1153; x_wconf 88' lang='lat' dir='ltr'><strong>nihil</strong></span> <span class='ocrx_word' id='word_1_57' title='bbox 1056 1096 1151 1176; x_wconf 85' lang='lat' dir='ltr'><strong>magis</strong></span> 
     </span>
     <span class='ocr_line' id='line_1_9' title="bbox 19 1195 1151 1282; baseline 0.004 -26"><span class='ocrx_word' id='word_1_58' title='bbox 19 1224 22 1229; x_wconf 92' lang='lat'>·</span> <span class='ocrx_word' id='word_1_59' title='bbox 67 1195 106 1257; x_wconf 88' lang='lat' dir='ltr'><strong>ad</strong></span> <span class='ocrx_word' id='word_1_60' title='bbox 142 1216 265 1258; x_wconf 84' lang='lat' dir='ltr'><strong>causam</strong></span> <span class='ocrx_word' id='word_1_61' title='bbox 292 1197 450 1279; x_wconf 79' lang='lat' dir='ltr'><strong>pertinet,</strong></span> <span class='ocrx_word' id='word_1_62' title='bbox 484 1220 576 1282; x_wconf 87' lang='lat' dir='ltr'><strong>quam</strong></span> <span class='ocrx_word' id='word_1_63' title='bbox 601 1200 686 1260; x_wconf 90' lang='lat' dir='ltr'><strong>initio</strong></span> <span class='ocrx_word' id='word_1_64' title='bbox 722 1201 920 1282; x_wconf 81' lang='lat' dir='ltr'><strong>quaestionis3</strong></span> <span class='ocrx_word' id='word_1_65' title='bbox 948 1210 979 1260; x_wconf 93' lang='lat' dir='ltr'><strong>et</strong></span> <span class='ocrx_word' id='word_1_66' title='bbox 1016 1200 1043 1260; x_wconf 89' lang='lat' dir='ltr'><strong>si</strong></span> <span class='ocrx_word' id='word_1_67' title='bbox 1075 1199 1151 1281; x_wconf 89' lang='lat' dir='ltr'><strong>quid</strong></span> 
     </span>
     <span class='ocr_line' id='line_1_10' title="bbox 65 1302 1149 1390; baseline 0.005 -26"><span class='ocrx_word' id='word_1_68' title='bbox 65 1302 197 1386; x_wconf 87' lang='lat' dir='ltr'><strong>amplius</strong></span> <span class='ocrx_word' id='word_1_69' title='bbox 225 1308 423 1385; x_wconf 85' lang='lat' dir='ltr'><strong>accessisset,</strong></span> <span class='ocrx_word' id='word_1_70' title='bbox 452 1306 483 1368; x_wconf 88' lang='lat' dir='ltr'><strong>id</strong></span> <span class='ocrx_word' id='word_1_71' title='bbox 511 1307 633 1390; x_wconf 86' lang='lat' dir='ltr'><strong>quidem</strong></span> <span class='ocrx_word' id='word_1_72' title='bbox 668 1329 731 1369; x_wconf 88' lang='lat' dir='ltr'><strong>non</strong></span> <span class='ocrx_word' id='word_1_73' title='bbox 761 1319 830 1369; x_wconf 85' lang='lat' dir='ltr'><strong>ante</strong></span> <span class='ocrx_word' id='word_1_74' title='bbox 856 1319 924 1368; x_wconf 88' lang='lat' dir='ltr'><strong>octo</strong></span> <span class='ocrx_word' id='word_1_75' title='bbox 962 1329 1057 1368; x_wconf 90' lang='lat' dir='ltr'><strong>annos</strong></span> <span class='ocrx_word' id='word_1_76' title='bbox 1092 1329 1149 1390; x_wconf 91' lang='lat' dir='ltr'><strong>po-</strong></span> 
     </span>
     <span class='ocr_line' id='line_1_11' title="bbox 64 1410 1148 1493; baseline 0 -21"><span class='ocrx_word' id='word_1_77' title='bbox 64 1411 173 1472; x_wconf 86' lang='lat' dir='ltr'><strong>tuisset</strong></span> <span class='ocrx_word' id='word_1_78' title='bbox 192 1410 300 1493; x_wconf 88' lang='lat' dir='ltr'><strong>agitari</strong></span> <span class='ocrx_word' id='word_1_79' title='bbox 320 1420 350 1472; x_wconf 89' lang='lat' dir='ltr'><strong>et</strong></span> <span class='ocrx_word' id='word_1_80' title='bbox 368 1411 502 1472; x_wconf 86' lang='lat' dir='ltr'><strong>tractari.</strong></span> <span class='ocrx_word' id='word_1_81' title='bbox 542 1412 681 1474; x_wconf 82' lang='lat' dir='ltr'><strong>Fortasse</strong></span> <span class='ocrx_word' id='word_1_82' title='bbox 702 1412 741 1473; x_wconf 89' lang='lat' dir='ltr'><strong>ab</strong></span> <span class='ocrx_word' id='word_1_83' title='bbox 761 1415 858 1473; x_wconf 90' lang='lat' dir='ltr'><strong>otioso</strong></span> <span class='ocrx_word' id='word_1_84' title='bbox 877 1411 1000 1472; x_wconf 89' lang='lat' dir='ltr'><strong>librario</strong></span> <span class='ocrx_word' id='word_1_85' title='bbox 1032 1412 1063 1471; x_wconf 94' lang='lat' dir='ltr'><strong>in</strong></span> <span class='ocrx_word' id='word_1_86' title='bbox 1095 1431 1148 1472; x_wconf 86' lang='lat' dir='ltr'><strong>ve-</strong></span> 
     </span>
     <span class='ocr_line' id='line_1_12' title="bbox 62 1514 1149 1600; baseline -0.002 -20"><span class='ocrx_word' id='word_1_87' title='bbox 62 1527 148 1580; x_wconf 85' lang='lat' dir='ltr'><strong>tusto</strong></span> <span class='ocrx_word' id='word_1_88' title='bbox 175 1514 312 1600; x_wconf 85' lang='lat' dir='ltr'><strong>exemplo</strong></span> <span class='ocrx_word' id='word_1_89' title='bbox 339 1516 378 1578; x_wconf 92' lang='lat' dir='ltr'><strong>ad</strong></span> <span class='ocrx_word' id='word_1_90' title='bbox 408 1540 468 1580; x_wconf 69' lang='lat' dir='ltr'><strong>vva</strong></span> <span class='ocrx_word' id='word_1_91' title='bbox 490 1522 568 1580; x_wconf 88' lang='lat' dir='ltr'><strong>anni</strong></span> <span class='ocrx_word' id='word_1_92' title='bbox 589 1533 656 1580; x_wconf 85' lang='lat' dir='ltr'><strong>sunt</strong></span> <span class='ocrx_word' id='word_1_93' title='bbox 681 1534 744 1581; x_wconf 89' lang='lat' dir='ltr'><strong>octo</strong></span> <span class='ocrx_word' id='word_1_94' title='bbox 767 1519 842 1579; x_wconf 91' lang='lat' dir='ltr'><strong>illud</strong></span> <span class='ocrx_word' id='word_1_95' title='bbox 860 1541 937 1580; x_wconf 86' lang='lat' dir='ltr'><strong>nune</strong></span> <span class='ocrx_word' id='word_1_96' title='bbox 959 1520 991 1577; x_wconf 92' lang='lat' dir='ltr'><strong>in</strong></span> <span class='ocrx_word' id='word_1_97' title='bbox 1012 1519 1149 1600; x_wconf 80' lang='lat' dir='ltr'><strong>margine</strong></span> 
     </span>
     <span class='ocr_line' id='line_1_13' title="bbox 62 1623 1147 1706; baseline -0.001 -21"><span class='ocrx_word' id='word_1_98' title='bbox 62 1623 194 1686; x_wconf 86' lang='lat' dir='ltr'><strong>adlitum</strong></span> <span class='ocrx_word' id='word_1_99' title='bbox 210 1634 291 1701; x_wconf 81' lang='lat' dir='ltr'><strong>erat,</strong></span> <span class='ocrx_word' id='word_1_100' title='bbox 302 1623 394 1706; x_wconf 91' lang='lat' dir='ltr'><strong>idque</strong></span> <span class='ocrx_word' id='word_1_101' title='bbox 408 1623 448 1686; x_wconf 92' lang='lat' dir='ltr'><strong>ab</strong></span> <span class='ocrx_word' id='word_1_102' title='bbox 464 1623 530 1686; x_wconf 90' lang='lat' dir='ltr'><strong>aliis</strong></span> <span class='ocrx_word' id='word_1_103' title='bbox 553 1625 584 1684; x_wconf 91' lang='lat' dir='ltr'><strong>in</strong></span> <span class='ocrx_word' id='word_1_104' title='bbox 599 1623 729 1685; x_wconf 89' lang='lat' dir='ltr'><strong>alienum</strong></span> <span class='ocrx_word' id='word_1_105' title='bbox 750 1623 852 1684; x_wconf 90' lang='lat' dir='ltr'><strong>locum</strong></span> <span class='ocrx_word' id='word_1_106' title='bbox 872 1626 1022 1684; x_wconf 87' lang='lat' dir='ltr'><strong>intrusum</strong></span> <span class='ocrx_word' id='word_1_107' title='bbox 1042 1634 1097 1684; x_wconf 89' lang='lat' dir='ltr'><strong>est.</strong></span> <span class='ocrx_word' id='word_1_108' title='bbox 1108 1652 1147 1670; x_wconf 65' lang='lat'><strong>«-</strong></span> 
     </span>
     <span class='ocr_line' id='line_1_14' title="bbox 60 1727 1147 1792; baseline -0.002 -2"><span class='ocrx_word' id='word_1_109' title='bbox 60 1730 137 1790; x_wconf 83' lang='lat' dir='ltr'><strong>Mox</strong></span> <span class='ocrx_word' id='word_1_110' title='bbox 157 1727 350 1790; x_wconf 87' lang='lat' dir='ltr'><strong>distinctione</strong></span> <span class='ocrx_word' id='word_1_111' title='bbox 368 1727 478 1790; x_wconf 88' lang='lat' dir='ltr'><strong>leniter</strong></span> <span class='ocrx_word' id='word_1_112' title='bbox 499 1739 614 1790; x_wconf 87' lang='lat' dir='ltr'><strong>mutata</strong></span> <span class='ocrx_word' id='word_1_113' title='bbox 647 1731 811 1790; x_wconf 87' lang='lat' dir='ltr'><strong>sententiae</strong></span> <span class='ocrx_word' id='word_1_114' title='bbox 829 1729 907 1790; x_wconf 90' lang='lat' dir='ltr'><strong>bene</strong></span> <span class='ocrx_word' id='word_1_115' title='bbox 926 1729 1147 1792; x_wconf 75' lang='lat' dir='ltr'><strong>consuluimus:</strong></span> 
     </span>
     <span class='ocr_line' id='line_1_15' title="bbox 62 1833 1144 1920; baseline -0.002 -25"><span class='ocrx_word' id='word_1_116' title='bbox 62 1833 253 1895; x_wconf 69' lang='lat' dir='ltr'><strong>scribebatur</strong></span> <span class='ocrx_word' id='word_1_117' title='bbox 282 1833 355 1895; x_wconf 90' lang='lat' dir='ltr'><strong>olim</strong></span> <span class='ocrx_word' id='word_1_118' title='bbox 383 1857 415 1897; x_wconf 84' lang='lat' dir='ltr'><strong>v.</strong></span> <span class='ocrx_word' id='word_1_119' title='bbox 441 1857 508 1920; x_wconf 54' lang='lat' dir='ltr'><strong>tp:</strong></span> <span class='ocrx_word' id='word_1_120' title='bbox 543 1837 648 1920; x_wconf 71' lang='grc' dir='ltr'><strong>(ὶιιίιί.9</strong></span> <span class='ocrx_word' id='word_1_121' title='bbox 674 1836 808 1896; x_wconf 81' lang='lat' dir='ltr'><strong>Albiana</strong></span> <span class='ocrx_word' id='word_1_122' title='bbox 825 1839 954 1919; x_wconf 84' lang='lat' dir='ltr'><strong>pecunia</strong></span> <span class='ocrx_word' id='word_1_123' title='bbox 975 1835 1144 1916; x_wconf 78' lang='lat' dir='ltr'><strong>vestigiisne</strong></span> 
     </span>
     <span class='ocr_line' id='line_1_16' title="bbox 58 1941 1151 2025; baseline -0.002 -21"><span class='ocrx_word' id='word_1_124' title='bbox 58 1953 132 2011; x_wconf 78' lang='lat' dir='ltr'><strong>cett,</strong></span> <span class='ocrx_word' id='word_1_125' title='bbox 181 1941 242 2003; x_wconf 88' lang='lat' dir='ltr'><strong>Sed</strong></span> <span class='ocrx_word' id='word_1_126' title='bbox 272 1941 403 2003; x_wconf 89' lang='lat' dir='ltr'><strong>multum</strong></span> <span class='ocrx_word' id='word_1_127' title='bbox 430 1943 540 2017; x_wconf 77' lang='lat' dir='ltr'><strong>refert,</strong></span> <span class='ocrx_word' id='word_1_128' title='bbox 578 1954 613 2003; x_wconf 90' lang='lat' dir='ltr'><strong>ut</strong></span> <span class='ocrx_word' id='word_1_129' title='bbox 646 1944 755 2003; x_wconf 91' lang='lat' dir='ltr'><strong>omissa</strong></span> <span class='ocrx_word' id='word_1_130' title='bbox 775 1945 920 2025; x_wconf 88' lang='lat' dir='ltr'><strong>pecuniae</strong></span> <span class='ocrx_word' id='word_1_131' title='bbox 948 1941 1151 2003; x_wconf 80' lang='lat' dir='ltr'><strong>Cluentianae</strong></span> 
     </span>
     <span class='ocr_line' id='line_1_17' title="bbox 59 2048 1140 2132; baseline -0.003 -20"><span class='ocrx_word' id='word_1_132' title='bbox 59 2049 217 2112; x_wconf 85' lang='lat' dir='ltr'><strong>mentione</strong></span> <span class='ocrx_word' id='word_1_133' title='bbox 245 2049 389 2110; x_wconf 91' lang='lat' dir='ltr'><strong>continuo</strong></span> <span class='ocrx_word' id='word_1_134' title='bbox 421 2048 553 2110; x_wconf 88' lang='lat' dir='ltr'><strong>Albiana</strong></span> <span class='ocrx_word' id='word_1_135' title='bbox 584 2051 693 2132; x_wconf 84' lang='lat' dir='ltr'><strong>insigni</strong></span> <span class='ocrx_word' id='word_1_136' title='bbox 722 2050 853 2132; x_wconf 88' lang='lat' dir='ltr'><strong>quadam</strong></span> <span class='ocrx_word' id='word_1_137' title='bbox 888 2052 919 2112; x_wconf 91' lang='lat' dir='ltr'><strong>vi</strong></span> <span class='ocrx_word' id='word_1_138' title='bbox 948 2059 1140 2132; x_wconf 87' lang='lat' dir='ltr'><strong>opponatur:</strong></span> 
     </span>
     <span class='ocr_line' id='line_1_18' title="bbox 61 2154 1146 2240; baseline -0.004 -24"><span class='ocrx_word' id='word_1_139' title='bbox 61 2155 147 2240; x_wconf 81' lang='lat' dir='ltr'><strong>Quid</strong></span> <span class='ocrx_word' id='word_1_140' title='bbox 179 2154 314 2216; x_wconf 85' lang='lat' dir='ltr'><strong>Albiana</strong></span> <span class='ocrx_word' id='word_1_141' title='bbox 338 2157 493 2240; x_wconf 83' lang='lat' dir='ltr'><strong>pecunia?</strong></span> <span class='ocrx_word' id='word_1_142' title='bbox 527 2158 692 2238; x_wconf 78' lang='lat' dir='ltr'><strong>vestigiisne</strong></span> <span class='ocrx_word' id='word_1_143' title='bbox 720 2168 790 2218; x_wconf 88' lang='lat' dir='ltr'><strong>cett.</strong></span> <span class='ocrx_word' id='word_1_144' title='bbox 821 2158 936 2218; x_wconf 87' lang='lat' dir='ltr'><strong>Eadem</strong></span> <span class='ocrx_word' id='word_1_145' title='bbox 964 2157 1079 2216; x_wconf 85' lang='lat' dir='ltr'><strong>ratione</strong></span> <span class='ocrx_word' id='word_1_146' title='bbox 1110 2177 1146 2238; x_wconf 85' lang='lat' dir='ltr'><strong>p..</strong></span> 
     </span>
     <span class='ocr_line' id='line_1_19' title="bbox 59 2238 1148 2345; baseline 0.001 -23"><span class='ocrx_word' id='word_1_147' title='bbox 59 2262 142 2323; x_wconf 84' lang='lat' dir='ltr'><strong>Mur.</strong></span> <span class='ocrx_word' id='word_1_148' title='bbox 162 2281 193 2322; x_wconf 88' lang='lat' dir='ltr'><strong>e.</strong></span> <span class='ocrx_word' id='word_1_149' title='bbox 216 2280 268 2323; x_wconf 75' lang='lat' dir='ltr'><strong>ao.</strong></span> <span class='ocrx_word' id='word_1_150' title='bbox 288 2259 339 2341; x_wconf 69' lang='lat' dir='ltr'><strong>tia.</strong></span> <span class='ocrx_word' id='word_1_151' title='bbox 360 2273 430 2343; x_wconf 90' lang='lat' dir='ltr'><strong>post</strong></span> <span class='ocrx_word' id='word_1_152' title='bbox 450 2261 629 2344; x_wconf 85' lang='lat' dir='ltr'><strong>descriptam</strong></span> <span class='ocrx_word' id='word_1_153' title='bbox 643 2265 789 2322; x_wconf 88' lang='lat' dir='ltr'><strong>Murenae</strong></span> <span class='ocrx_word' id='word_1_154' title='bbox 811 2274 995 2345; x_wconf 87' lang='lat' dir='ltr'><strong>praeturam,</strong></span> <span class='ocrx_word' id='word_1_155' title='bbox 1007 2264 1049 2324; x_wconf 90' lang='lat' dir='ltr'><strong>sic</strong></span> <span class='ocrx_word' id='word_1_156' title='bbox 1065 2238 1148 2323; x_wconf 40' lang='lat' dir='ltr'><strong>eoa-¹</strong></span> 
     </span>
     <span class='ocr_line' id='line_1_20' title="bbox 59 2367 917 2453; baseline 0.002 -24"><span class='ocrx_word' id='word_1_157' title='bbox 59 2369 197 2429; x_wconf 89' lang='lat' dir='ltr'><strong>tinuatur</strong></span> <span class='ocrx_word' id='word_1_158' title='bbox 218 2367 335 2429; x_wconf 86' lang='lat' dir='ltr'><strong>oratio:</strong></span> <span class='ocrx_word' id='word_1_159' title='bbox 381 2369 464 2452; x_wconf 81' lang='lat' dir='ltr'><strong>Quid</strong></span> <span class='ocrx_word' id='word_1_160' title='bbox 482 2382 533 2430; x_wconf 87' lang='lat' dir='ltr'><strong>tna</strong></span> <span class='ocrx_word' id='word_1_161' title='bbox 552 2375 643 2453; x_wconf 66' lang='lat' dir='ltr'><strong>sors?</strong></span> <span class='ocrx_word' id='word_1_162' title='bbox 655 2369 747 2430; x_wconf 86' lang='lat' dir='ltr'><strong>tristis</strong></span> <span class='ocrx_word' id='word_1_163' title='bbox 766 2383 795 2430; x_wconf 90' lang='lat' dir='ltr'><strong>et</strong></span> <span class='ocrx_word' id='word_1_164' title='bbox 814 2382 917 2432; x_wconf 77' lang='lat' dir='ltr'><strong>atrox.</strong></span> 
     </span>
    </p>

    <p class='ocr_par' dir='ltr' id='par_1_4' title="bbox 60 2474 1139 2668">
     <span class='ocr_line' id='line_1_21' title="bbox 143 2474 1139 2560; baseline 0.006 -23"><span class='ocrx_word' id='word_1_165' title='bbox 143 2495 191 2559; x_wconf 76' lang='lat'><strong>¹9.</strong></span> <span class='ocrx_word' id='word_1_166' title='bbox 218 2476 301 2537; x_wconf 85' lang='lat' dir='ltr'><strong>vobis</strong></span> <span class='ocrx_word' id='word_1_167' title='bbox 328 2474 496 2558; x_wconf 62' lang='lat' dir='ltr'><strong>indicibus}</strong></span> <span class='ocrx_word' id='word_1_168' title='bbox 533 2478 635 2539; x_wconf 88' lang='lat' dir='ltr'><strong>Minus</strong></span> <span class='ocrx_word' id='word_1_169' title='bbox 660 2476 777 2560; x_wconf 83' lang='lat' dir='ltr'><strong>elegans</strong></span> <span class='ocrx_word' id='word_1_170' title='bbox 809 2479 933 2539; x_wconf 86' lang='lat' dir='ltr'><strong>fortasse</strong></span> <span class='ocrx_word' id='word_1_171' title='bbox 967 2480 1042 2541; x_wconf 90' lang='lat' dir='ltr'><strong>haec</strong></span> <span class='ocrx_word' id='word_1_172' title='bbox 1061 2483 1139 2542; x_wconf 87' lang='lat' dir='ltr'><strong>scri-</strong></span> 
     </span>
     <span class='ocr_line' id='line_1_22' title="bbox 60 2584 1137 2668; baseline 0.004 -25"><span class='ocrx_word' id='word_1_173' title='bbox 60 2592 169 2666; x_wconf 87' lang='lat' dir='ltr'><strong>ptura,</strong></span> <span class='ocrx_word' id='word_1_174' title='bbox 187 2605 282 2667; x_wconf 82' lang='lat' dir='ltr'><strong>quam</strong></span> <span class='ocrx_word' id='word_1_175' title='bbox 301 2605 337 2645; x_wconf 84' lang='lat' dir='ltr'><strong>ex</strong></span> <span class='ocrx_word' id='word_1_176' title='bbox 354 2585 475 2666; x_wconf 87' lang='lat' dir='ltr'><strong>optimis</strong></span> <span class='ocrx_word' id='word_1_177' title='bbox 496 2584 583 2651; x_wconf 89' lang='lat' dir='ltr'><strong>codd.</strong></span> <span class='ocrx_word' id='word_1_178' title='bbox 606 2588 827 2667; x_wconf 83' lang='lat' dir='ltr'><strong>protraximus,</strong></span> <span class='ocrx_word' id='word_1_179' title='bbox 849 2587 885 2646; x_wconf 90' lang='lat' dir='ltr'><strong>iis</strong></span> <span class='ocrx_word' id='word_1_180' title='bbox 905 2585 1069 2662; x_wconf 90' lang='lat' dir='ltr'><strong>videbitur,</strong></span> <span class='ocrx_word' id='word_1_181' title='bbox 1082 2590 1137 2668; x_wconf 90' lang='lat' dir='ltr'><strong>qui</strong></span> 
     </span>
    </p>
   </div>
   <div class='ocr_carea' id='block_1_3' title="bbox 60 2691 1147 2777">
    <p class='ocr_par' dir='ltr' id='par_1_5' title="bbox 60 2691 1147 2777">
     <span class='ocr_line' id='line_1_23' title="bbox 60 2691 1147 2777; baseline 0 -25"><span class='ocrx_word' id='word_1_182' title='bbox 60 2691 184 2772; x_wconf 81' lang='lat' dir='ltr'><strong>perfecta</strong></span> <span class='ocrx_word' id='word_1_183' title='bbox 206 2691 372 2774; x_wconf 88' lang='lat' dir='ltr'><strong>imaginum</strong></span> <span class='ocrx_word' id='word_1_184' title='bbox 393 2693 571 2776; x_wconf 74' lang='lat' dir='ltr'><strong>aequalitate</strong></span> <span class='ocrx_word' id='word_1_185' title='bbox 591 2693 667 2754; x_wconf 89' lang='lat' dir='ltr'><strong>mire</strong></span> <span class='ocrx_word' id='word_1_186' title='bbox 690 2691 898 2754; x_wconf 88' lang='lat' dir='ltr'><strong>delectantur:</strong></span> <span class='ocrx_word' id='word_1_187' title='bbox 934 2713 1013 2752; x_wconf 91' lang='lat' dir='ltr'><strong>nam·</strong></span> <span class='ocrx_word' id='word_1_188' title='bbox 1029 2691 1147 2777; x_wconf 13' lang='lat' dir='ltr'><strong>vulga-t</strong></span> 
     </span>
    </p>
   </div>
   <div class='ocr_carea' id='block_1_4' title="bbox 10 2799 1150 4160">
    <p class='ocr_par' dir='ltr' id='par_1_6' title="bbox 10 2799 1150 3939">
     <span class='ocr_line' id='line_1_24' title="bbox 10 2799 1134 2883; baseline 0.002 -25"><span class='ocrx_word' id='word_1_189' title='bbox 10 2866 12 2871; x_wconf 50' lang='grc'>,</span> <span class='ocrx_word' id='word_1_190' title='bbox 62 2807 117 2859; x_wconf 86' lang='lat' dir='ltr'><strong>tam</strong></span> <span class='ocrx_word' id='word_1_191' title='bbox 146 2800 231 2873; x_wconf 81' lang='lat' dir='ltr'><strong>vobis</strong></span> <span class='ocrx_word' id='word_1_192' title='bbox 250 2800 370 2861; x_wconf 84' lang='lat' dir='ltr'><strong>ducibus</strong></span> <span class='ocrx_word' id='word_1_193' title='bbox 401 2813 469 2883; x_wconf 90' lang='lat' dir='ltr'><strong>apte</strong></span> <span class='ocrx_word' id='word_1_194' title='bbox 485 2804 648 2862; x_wconf 91' lang='lat' dir='ltr'><strong>convenire</strong></span> <span class='ocrx_word' id='word_1_195' title='bbox 668 2801 768 2861; x_wconf 90' lang='lat' dir='ltr'><strong>dicent</strong></span> <span class='ocrx_word' id='word_1_196' title='bbox 788 2804 843 2878; x_wconf 90' lang='lat' dir='ltr'><strong>iis,</strong></span> <span class='ocrx_word' id='word_1_197' title='bbox 872 2803 1007 2882; x_wconf 88' lang='lat' dir='ltr'><strong>quinon</strong></span> <span class='ocrx_word' id='word_1_198' title='bbox 1035 2799 1134 2860; x_wconf 90' lang='lat' dir='ltr'><strong>solum</strong></span> 
     </span>
     <span class='ocr_line' id='line_1_25' title="bbox 10 2892 1133 2989; baseline 0.006 -28"><span class='ocrx_word' id='word_1_199' title='bbox 10 2892 13 2911; x_wconf 90' lang='lat'>&#39;</span> <span class='ocrx_word' id='word_1_200' title='bbox 62 2903 178 2987; x_wconf 81' lang='lat' dir='ltr'><strong>vestigia</strong></span> <span class='ocrx_word' id='word_1_201' title='bbox 206 2903 393 2980; x_wconf 88' lang='lat' dir='ltr'><strong>odorantur,</strong></span> <span class='ocrx_word' id='word_1_202' title='bbox 418 2905 470 2966; x_wconf 90' lang='lat' dir='ltr'><strong>sed</strong></span> <span class='ocrx_word' id='word_1_203' title='bbox 497 2907 542 2966; x_wconf 86' lang='lat' dir='ltr'><strong>ad</strong></span> <span class='ocrx_word' id='word_1_204' title='bbox 570 2908 664 2989; x_wconf 72' lang='lat' dir='ltr'><strong>ipsum</strong></span> <span class='ocrx_word' id='word_1_205' title='bbox 693 2907 786 2966; x_wconf 81' lang='lat' dir='ltr'><strong>cubile</strong></span> <span class='ocrx_word' id='word_1_206' title='bbox 814 2927 844 2965; x_wconf 89' lang='lat' dir='ltr'><strong>se</strong></span> <span class='ocrx_word' id='word_1_207' title='bbox 860 2920 1054 2989; x_wconf 64' lang='lat' dir='ltr'><strong>persentiens</strong></span> <span class='ocrx_word' id='word_1_208' title='bbox 1072 2929 1133 2969; x_wconf 88' lang='lat' dir='ltr'><strong>esse</strong></span> 
     </span>
     <span class='ocr_line' id='line_1_26' title="bbox 63 3010 1132 3095; baseline 0.006 -27"><span class='ocrx_word' id='word_1_209' title='bbox 63 3020 190 3088; x_wconf 77' lang='lat' dir='ltr'><strong>sperant:</strong></span> <span class='ocrx_word' id='word_1_210' title='bbox 202 3022 233 3071; x_wconf 90' lang='lat' dir='ltr'><strong>at</strong></span> <span class='ocrx_word' id='word_1_211' title='bbox 244 3013 320 3072; x_wconf 87' lang='lat' dir='ltr'><strong>ratio</strong></span> <span class='ocrx_word' id='word_1_212' title='bbox 335 3023 499 3095; x_wconf 87' lang='lat' dir='ltr'><strong>repugnat:</strong></span> <span class='ocrx_word' id='word_1_213' title='bbox 523 3010 608 3073; x_wconf 90' lang='lat' dir='ltr'><strong>nullo</strong></span> <span class='ocrx_word' id='word_1_214' title='bbox 621 3013 713 3073; x_wconf 91' lang='lat' dir='ltr'><strong>modo</strong></span> <span class='ocrx_word' id='word_1_215' title='bbox 725 3012 838 3074; x_wconf 88' lang='lat' dir='ltr'><strong>iudices</strong></span> <span class='ocrx_word' id='word_1_216' title='bbox 853 3013 884 3072; x_wconf 91' lang='lat' dir='ltr'><strong>in</strong></span> <span class='ocrx_word' id='word_1_217' title='bbox 896 3011 947 3073; x_wconf 87' lang='lat' dir='ltr'><strong>illa</strong></span> <span class='ocrx_word' id='word_1_218' title='bbox 958 3016 1132 3095; x_wconf 80' lang='lat' dir='ltr'><strong>quaestione</strong></span> 
     </span>
     <span class='ocr_line' id='line_1_27' title="bbox 27 3098 1150 3207; baseline 0.006 -34"><span class='ocrx_word' id='word_1_219' title='bbox 27 3200 31 3207; x_wconf 36' lang='grc' dir='ltr'>Ι</span> <span class='ocrx_word' id='word_1_220' title='bbox 65 3109 143 3178; x_wconf 83' lang='lat' dir='ltr'><strong>duces</strong></span> <span class='ocrx_word' id='word_1_221' title='bbox 169 3115 230 3178; x_wconf 86' lang='lat' dir='ltr'><strong>dici</strong></span> <span class='ocrx_word' id='word_1_222' title='bbox 256 3128 437 3200; x_wconf 88' lang='lat' dir='ltr'><strong>potuerunt,</strong></span> <span class='ocrx_word' id='word_1_223' title='bbox 464 3121 548 3179; x_wconf 87' lang='lat' dir='ltr'><strong>cuius</strong></span> <span class='ocrx_word' id='word_1_224' title='bbox 577 3118 712 3181; x_wconf 87' lang='lat' dir='ltr'><strong>latebrae</strong></span> <span class='ocrx_word' id='word_1_225' title='bbox 736 3123 792 3203; x_wconf 89' lang='lat' dir='ltr'><strong>ipsi</strong></span> <span class='ocrx_word' id='word_1_226' title='bbox 821 3122 933 3182; x_wconf 85' lang='lat' dir='ltr'><strong>oratori</strong></span> <span class='ocrx_word' id='word_1_227' title='bbox 953 3098 1150 3202; x_wconf 85' lang='lat' dir='ltr'><strong>aperiendae·</strong></span> 
     </span>
     <span class='ocr_line' id='line_1_28' title="bbox 66 3221 1129 3310; baseline 0.003 -29"><span class='ocrx_word' id='word_1_228' title='bbox 66 3233 156 3300; x_wconf 77' lang='lat' dir='ltr'><strong>trant3</strong></span> <span class='ocrx_word' id='word_1_229' title='bbox 176 3222 229 3284; x_wconf 85' lang='lat' dir='ltr'><strong>sed</strong></span> <span class='ocrx_word' id='word_1_230' title='bbox 249 3221 307 3285; x_wconf 88' lang='lat' dir='ltr'><strong>hoc</strong></span> <span class='ocrx_word' id='word_1_231' title='bbox 323 3225 434 3286; x_wconf 91' lang='lat' dir='ltr'><strong>iterum</strong></span> <span class='ocrx_word' id='word_1_232' title='bbox 453 3225 627 3306; x_wconf 86' lang='lat' dir='ltr'><strong>praedicat,</strong></span> <span class='ocrx_word' id='word_1_233' title='bbox 656 3225 696 3287; x_wconf 93' lang='lat' dir='ltr'><strong>de</strong></span> <span class='ocrx_word' id='word_1_234' title='bbox 723 3249 785 3310; x_wconf 90' lang='lat' dir='ltr'><strong>quo</strong></span> <span class='ocrx_word' id='word_1_235' title='bbox 813 3227 903 3287; x_wconf 90' lang='lat' dir='ltr'><strong>modo</strong></span> <span class='ocrx_word' id='word_1_236' title='bbox 935 3226 1129 3290; x_wconf 85' lang='lat' dir='ltr'><strong>vehementer</strong></span> 
     </span>
     <span class='ocr_line' id='line_1_29' title="bbox 66 3308 1128 3415; baseline 0.004 -26"><span class='ocrx_word' id='word_1_237' title='bbox 66 3318 177 3412; x_wconf 66' lang='lat' dir='ltr'><strong>laetam</strong></span> <span class='ocrx_word' id='word_1_238' title='bbox 209 3339 295 3404; x_wconf 85' lang='lat' dir='ltr'><strong>erat,</strong></span> <span class='ocrx_word' id='word_1_239' title='bbox 326 3308 409 3413; x_wconf 88' lang='lat' dir='ltr'><strong>quod</strong></span> <span class='ocrx_word' id='word_1_240' title='bbox 440 3334 584 3412; x_wconf 88' lang='lat' dir='ltr'><strong>temporis</strong></span> <span class='ocrx_word' id='word_1_241' title='bbox 614 3333 754 3415; x_wconf 88' lang='lat' dir='ltr'><strong>iniquitas</strong></span> <span class='ocrx_word' id='word_1_242' title='bbox 780 3334 952 3409; x_wconf 85' lang='lat' dir='ltr'><strong>recesserit,</strong></span> <span class='ocrx_word' id='word_1_243' title='bbox 986 3331 1128 3414; x_wconf 89' lang='lat' dir='ltr'><strong>quodque</strong></span> 
     </span>
     <span class='ocr_line' id='line_1_30' title="bbox 65 3423 1130 3514; baseline 0.005 -20"><span class='ocrx_word' id='word_1_244' title='bbox 65 3423 110 3493; x_wconf 74' lang='lat' dir='ltr'><strong>hoc</strong></span> <span class='ocrx_word' id='word_1_245' title='bbox 138 3433 262 3512; x_wconf 90' lang='lat' dir='ltr'><strong>iudicio,</strong></span> <span class='ocrx_word' id='word_1_246' title='bbox 289 3436 337 3498; x_wconf 87' lang='lat' dir='ltr'><strong>his</strong></span> <span class='ocrx_word' id='word_1_247' title='bbox 370 3436 482 3497; x_wconf 89' lang='lat' dir='ltr'><strong>talibus</strong></span> <span class='ocrx_word' id='word_1_248' title='bbox 515 3438 588 3497; x_wconf 91' lang='lat' dir='ltr'><strong>viris</strong></span> <span class='ocrx_word' id='word_1_249' title='bbox 610 3438 793 3514; x_wconf 86' lang='lat' dir='ltr'><strong>sedentibus,</strong></span> <span class='ocrx_word' id='word_1_250' title='bbox 816 3439 902 3500; x_wconf 82' lang='lat' dir='ltr'><strong>facile</strong></span> <span class='ocrx_word' id='word_1_251' title='bbox 922 3439 1130 3499; x_wconf 85' lang='lat' dir='ltr'><strong>demonstrare</strong></span> 
     </span>
     <span class='ocr_line' id='line_1_31' title="bbox 65 3540 1125 3626; baseline 0.006 -26"><span class='ocrx_word' id='word_1_252' title='bbox 65 3550 163 3618; x_wconf 71' lang='lat' dir='ltr'><strong>Paret,</strong></span> <span class='ocrx_word' id='word_1_253' title='bbox 183 3543 265 3624; x_wconf 92' lang='lat' dir='ltr'><strong>quod</strong></span> <span class='ocrx_word' id='word_1_254' title='bbox 285 3542 359 3604; x_wconf 91' lang='lat' dir='ltr'><strong>olim</strong></span> <span class='ocrx_word' id='word_1_255' title='bbox 378 3544 412 3603; x_wconf 89' lang='lat' dir='ltr'><strong>in</strong></span> <span class='ocrx_word' id='word_1_256' title='bbox 434 3540 546 3603; x_wconf 89' lang='lat' dir='ltr'><strong>iudicio</strong></span> <span class='ocrx_word' id='word_1_257' title='bbox 569 3543 696 3606; x_wconf 87' lang='lat' dir='ltr'><strong>Iuniano</strong></span> <span class='ocrx_word' id='word_1_258' title='bbox 715 3566 777 3606; x_wconf 90' lang='lat' dir='ltr'><strong>non</strong></span> <span class='ocrx_word' id='word_1_259' title='bbox 796 3547 860 3606; x_wconf 91' lang='lat' dir='ltr'><strong>sine</strong></span> <span class='ocrx_word' id='word_1_260' title='bbox 880 3565 989 3626; x_wconf 87' lang='lat' dir='ltr'><strong>magna</strong></span> <span class='ocrx_word' id='word_1_261' title='bbox 1010 3544 1125 3606; x_wconf 88' lang='lat' dir='ltr'><strong>invidia</strong></span> 
     </span>
     <span class='ocr_line' id='line_1_32' title="bbox 64 3648 1124 3733; baseline 0.002 -27"><span class='ocrx_word' id='word_1_262' title='bbox 64 3649 279 3711; x_wconf 75' lang='lat' dir='ltr'><strong>commemorari</strong></span> <span class='ocrx_word' id='word_1_263' title='bbox 307 3649 463 3731; x_wconf 88' lang='lat' dir='ltr'><strong>potuisset.</strong></span> <span class='ocrx_word' id='word_1_264' title='bbox 503 3650 606 3726; x_wconf 87' lang='lat' dir='ltr'><strong>Quare</strong></span> <span class='ocrx_word' id='word_1_265' title='bbox 632 3648 714 3710; x_wconf 87' lang='lat' dir='ltr'><strong>idem</strong></span> <span class='ocrx_word' id='word_1_266' title='bbox 742 3651 804 3712; x_wconf 82' lang='lat' dir='ltr'><strong>iere</strong></span> <span class='ocrx_word' id='word_1_267' title='bbox 823 3651 856 3710; x_wconf 92' lang='lat' dir='ltr'><strong>h.</strong></span> <span class='ocrx_word' id='word_1_268' title='bbox 878 3649 902 3712; x_wconf 84' lang='lat' dir='ltr'><strong>l.</strong></span> <span class='ocrx_word' id='word_1_269' title='bbox 923 3649 1018 3725; x_wconf 90' lang='lat' dir='ltr'><strong>dicit,</strong></span> <span class='ocrx_word' id='word_1_270' title='bbox 1041 3649 1124 3733; x_wconf 84' lang='lat' dir='ltr'><strong>quod</strong></span> 
     </span>
     <span class='ocr_line' id='line_1_33' title="bbox 63 3742 1144 3839; baseline 0.007 -26"><span class='ocrx_word' id='word_1_271' title='bbox 63 3742 126 3813; x_wconf 69' lang='lat' dir='ltr'><strong>iufra</strong></span> <span class='ocrx_word' id='word_1_272' title='bbox 152 3776 185 3837; x_wconf 81' lang='lat' dir='ltr'><strong>p.</strong></span> <span class='ocrx_word' id='word_1_273' title='bbox 216 3752 271 3832; x_wconf 81' lang='lat'><strong>62,</strong></span> <span class='ocrx_word' id='word_1_274' title='bbox 305 3751 360 3817; x_wconf 78' lang='lat'><strong>15:</strong></span> <span class='ocrx_word' id='word_1_275' title='bbox 388 3753 530 3816; x_wconf 71' lang='lat' dir='ltr'><strong>todeneo</strong></span> <span class='ocrx_word' id='word_1_276' title='bbox 548 3753 599 3815; x_wconf 84' lang='lat' dir='ltr'><strong>die</strong></span> <span class='ocrx_word' id='word_1_277' title='bbox 613 3756 746 3839; x_wconf 84' lang='lat' dir='ltr'><strong>primum</strong></span> <span class='ocrx_word' id='word_1_278' title='bbox 766 3759 877 3821; x_wconf 80' lang='lat' dir='ltr'><strong>veritos</strong></span> <span class='ocrx_word' id='word_1_279' title='bbox 895 3777 996 3817; x_wconf 81' lang='lat' dir='ltr'><strong>nocem</strong></span> <span class='ocrx_word' id='word_1_280' title='bbox 1018 3768 1144 3839; x_wconf 78' lang='lat' dir='ltr'><strong>contra¹</strong></span> 
     </span>
     <span class='ocr_line' id='line_1_34' title="bbox 66 3847 763 3939; baseline 0.009 -24"><span class='ocrx_word' id='word_1_281' title='bbox 66 3847 222 3938; x_wconf 59' lang='lat' dir='ltr'><strong>nauum,</strong></span> <span class='ocrx_word' id='word_1_282' title='bbox 244 3860 304 3920; x_wconf 73' lang='lat' dir='ltr'><strong>leis</strong></span> <span class='ocrx_word' id='word_1_283' title='bbox 323 3857 512 3919; x_wconf 79' lang='lat' dir='ltr'><strong>indicibus</strong></span> <span class='ocrx_word' id='word_1_284' title='bbox 534 3861 650 3939; x_wconf 84' lang='lat' dir='ltr'><strong>freta</strong></span> <span class='ocrx_word' id='word_1_285' title='bbox 672 3861 763 3921; x_wconf 82' lang='lat' dir='ltr'><strong>misit.</strong></span> 
     </span>
    </p>

    <p class='ocr_par' dir='ltr' id='par_1_7' title="bbox 59 3957 1118 4160">
     <span class='ocr_line' id='line_1_35' title="bbox 127 3957 1118 4053; baseline 0.009 -30"><span class='ocrx_word' id='word_1_286' title='bbox 127 3982 158 4043; x_wconf 84' lang='lat' dir='ltr'><strong>p.</strong></span> <span class='ocrx_word' id='word_1_287' title='bbox 182 3957 244 4044; x_wconf 81' lang='lat'><strong>59,</strong></span> <span class='ocrx_word' id='word_1_288' title='bbox 273 3959 304 4022; x_wconf 81' lang='lat'><strong>5.</strong></span> <span class='ocrx_word' id='word_1_289' title='bbox 332 3964 386 4048; x_wconf 85' lang='lat' dir='ltr'><strong>qui</strong></span> <span class='ocrx_word' id='word_1_290' title='bbox 411 3965 573 4048; x_wconf 83' lang='lat' dir='ltr'><strong>pecuniam</strong></span> <span class='ocrx_word' id='word_1_291' title='bbox 599 3964 758 4053; x_wconf 86' lang='lat' dir='ltr'><strong>dederant]</strong></span> <span class='ocrx_word' id='word_1_292' title='bbox 810 3965 860 4027; x_wconf 88' lang='lat' dir='ltr'><strong>Sic</strong></span> <span class='ocrx_word' id='word_1_293' title='bbox 887 3967 957 4031; x_wconf 89' lang='lat' dir='ltr'><strong>dedi</strong></span> <span class='ocrx_word' id='word_1_294' title='bbox 988 3990 1007 4030; x_wconf 85' lang='lat' dir='ltr'><strong>a</strong></span> <span class='ocrx_word' id='word_1_295' title='bbox 1032 3968 1118 4032; x_wconf 87' lang='lat' dir='ltr'><strong>libris</strong></span> 
     </span>
     <span class='ocr_line' id='line_1_36' title="bbox 59 4063 1116 4160; baseline 0.005 -28"><span class='ocrx_word' id='word_1_296' title='bbox 59 4063 166 4144; x_wconf 70' lang='lat' dir='ltr'><strong>Paulum</strong></span> <span class='ocrx_word' id='word_1_297' title='bbox 186 4067 348 4149; x_wconf 84' lang='lat' dir='ltr'><strong>recedens,</strong></span> <span class='ocrx_word' id='word_1_298' title='bbox 371 4068 470 4134; x_wconf 88' lang='lat' dir='ltr'><strong>media</strong></span> <span class='ocrx_word' id='word_1_299' title='bbox 490 4071 637 4155; x_wconf 88' lang='lat' dir='ltr'><strong>scriptura</strong></span> <span class='ocrx_word' id='word_1_300' title='bbox 658 4073 737 4136; x_wconf 91' lang='lat' dir='ltr'><strong>inter</strong></span> <span class='ocrx_word' id='word_1_301' title='bbox 756 4082 914 4160; x_wconf 83' lang='lat' dir='ltr'><strong>utramque</strong></span> <span class='ocrx_word' id='word_1_302' title='bbox 941 4077 1116 4145; x_wconf 81' lang='lat' dir='ltr'><strong>varietatem</strong></span> 
     </span>
    </p>
   </div>
   <div class='ocr_carea' id='block_1_5' title="bbox 0 0 1372 4696">
    <p class='ocr_par' dir='ltr' id='par_1_8' title="bbox 0 0 1372 4696">
     <span class='ocr_line' id='line_1_37' title="bbox 0 0 1372 4696; baseline 0 5"><span class='ocrx_word' id='word_1_303' title='bbox 0 0 1372 4696; x_wconf 95' lang='lat' dir='ltr'><strong> </strong></span> 
     </span>
    </p>
   </div>
  </div>
 </body>
</html>
