2736 4696
121 254 186 384 75,
581 275 741 340 enarro
778 365 781 376 Ι

118 466 209 551 nia,
238 462 413 542 nonsibi
439 490 483 539 ac
509 463 719 541 defensioni
744 487 832 541 suae
852 458 1113 541 condonatum
1127 468 1207 542 esse

117 589 400 694 Oppianicum:
437 587 600 691 proinde
632 588 741 689 quasi
775 613 855 662 non
884 584 971 660 satis
1002 587 1100 689 signi
1125 613 1205 664 esse

117 708 317 797 debuerit,
354 706 403 782 ab
429 709 608 783 omnibus
637 733 727 782 eum
751 707 863 782 fuisse
888 705 1095 799 desertum,
1129 710 1204 814 qui

116 859 153 931 se
179 829 229 906 ad
253 848 463 933 patronum
487 830 601 905 illum
626 830 855 907 contulisset
888 833 981 905 Erat
1003 829 1110 906 enim
1130 835 1206 928 Ros

116 981 200 1032 mae
217 982 364 1030 summa
376 954 486 1058 copia
502 973 775 1060 patronorum,
800 956 1003 1031 hominum
1019 956 1229 1056 eloquen·5

116 1078 348 1155 tissimorum
378 1098 493 1180 atque
523 1080 861 1184 amplissimorum,
900 1107 1069 1185 quorum
1097 1098 1205 1154 certe

114 1201 255 1305 aliquis
273 1201 498 1278 defendisset
517 1203 687 1306 equitem
710 1206 946 1292 Romanum,
971 1203 1014 1278 in
1034 1201 1206 1278 munici-

116 1325 182 1430 pio
206 1350 275 1401 suo
302 1325 481 1413 nobilem,
507 1325 537 1400 si
557 1324 712 1401 honeste
730 1343 896 1431 putasset
913 1324 1098 1401 eiusmodi
1111 1351 1204 1400 cau-

41 1479 90 1554 40
115 1474 194 1524 sam
219 1474 324 1553 posse
349 1446 511 1523 defendi.
548 1450 645 1524 Nam
668 1449 875 1545 Quinctius
897 1447 1056 1552 quidem
1079 1475 1205 1551 quam

38 1598 265 1668 11Ocausam
290 1581 477 1675 umquam
508 1589 620 1646 antea
646 1570 808 1663 dixerat,
844 1600 967 1675 quum
998 1599 1119 1648 annos
1150 1571 1249 1647 adm

20 1702 24 1707 ’
117 1695 401 1798 quinquaginta
427 1713 539 1770 natus
562 1696 677 1771 essetf
700 1694 895 1797 quiscum
913 1721 1101 1798 umquam
1120 1723 1205 1775 non

116 1816 229 1893 modo
255 1815 298 1891 in
328 1817 505 1921 patroni,
538 1815 668 1892 sedin
695 1816 904 1917 laudatoris
936 1836 1005 1892 aut
1026 1816 1203 1925 advocati

115 1945 199 2018 loce
223 1938 393 2016 viderat?
435 1940 504 2043 qui
530 1939 636 2049 quod
660 1959 781 2035 rostra
805 1941 952 2015 iamdiu
977 1966 1119 2028 vacua,
1142 1941 1202 2016 lo·

51 2170 53 2175 Ι
115 2090 282 2170 cumque
306 2064 420 2140 illum
456 2082 539 2169 post
563 2061 769 2138 adventum
801 2067 841 2138 L.
881 2063 1005 2168 Syllae
1031 2061 1217 2160 tribuni--

116 2190 173 2263 cia
197 2213 286 2263 voce
311 2186 522 2276 desertum,
549 2207 802 2292 oppresserat,
829 2182 1245 2291 multitudinemque15

115 2311 366 2387 desuefactam
392 2309 468 2384 iam
492 2336 514 2382 a
539 2308 787 2385 concionibus
811 2309 860 2385 ad
884 2297 1018 2385 veteris
1041 2336 1202 2386 consue-

117 2431 263 2510 tudinis
287 2430 580 2510 similitudinem
606 2451 815 2522 revocarat,
864 2431 1007 2508 idcirco
1042 2432 1215 2525 cuidam,

115 2557 321 2633 hominum
345 2558 475 2661 generi
500 2555 693 2661 paulisper
726 2554 934 2635 iucundior
971 2555 1056 2631 fuit.
1131 2560 1202 2633 At-

114 2707 191 2785 que
224 2681 328 2758 idem
357 2699 504 2785 quanto
538 2679 581 2757 in
614 2679 702 2757 odie
732 2699 859 2786 postea
891 2677 969 2767 suis
993 2678 1083 2783 ipsis
1109 2680 1203 2771 fuit,

115 2832 185 2910 per
210 2833 306 2909 quos
334 2807 376 2883 in
400 2805 576 2882 altiorem
600 2804 727 2900 locum
753 2800 1024 2879 adscenderat?
1064 2805 1243 2906 Neque2o

32 2962 85 3004 111
113 2927 268 3003 iniuria.
317 2927 445 3004 Facite
470 2926 597 3016 enim,
621 2946 770 3002 utnon
793 2926 917 3001 solum
941 2951 1063 3001 mores
1083 2944 1122 3000 et
1136 2953 1200 3003 ar·

113 3050 325 3154 negantiam
351 3051 447 3140 eius,
473 3048 675 3125 sedetiam
699 3049 851 3124 vultum
876 3067 992 3150 atque
1010 3048 1198 3126 amictum

8 3261 12 3268 1
112 3192 227 3278 atque
261 3173 369 3248 illam
400 3196 523 3276 usque
554 3169 603 3245 ad
638 3172 731 3247 talos
755 3167 952 3245 demissam
976 3197 1198 3275 purpuram

145 3339 152 3360 .
197 3369 243 3448 14.
264 3390 282 3430 a
301 3369 374 3429 trib.
454 3367 498 3433 16.
518 3370 579 3429 iam
597 3356 813 3443 desuefactam·
884 3375 1144 3447 17.recocaverat
1225 3423 1235 3443 ,

196 3472 242 3536 ¹9·
268 3456 329 3514 suis
343 3451 406 3515 illis,
422 3453 494 3534 ipsis
575 3472 624 3518 21.
642 3472 740 3512 mores
757 3451 821 3512 eius
837 3459 868 3511 et
884 3449 1088 3531 arrogantiam

5 3680 8 3692 ι
111 3634 114 3641 ’
200 3653 241 3687 -ι.
272 3633 480 3688 condemnatum
506 3632 1002 3706 ABabdesglts'ltlmorstuvw
1107 3619 1132 3702 4.
1164 3650 1200 3687 aa

111 3723 162 3760 om.
189 3705 212 3758 Β
354 3722 392 3759 ιι.
431 3712 479 3756 aut
508 3723 559 3758 ens.
590 3699 1050 3778 bedefqhillnorstuvdsc
1156 3707 1194 3759 13.

133 3777 262 3831 nieme.
380 3776 419 3844 14.
437 3775 587 3828 tribunicia
606 3795 670 3829 voce
689 3777 740 3830 AB
810 3773 994 3828 atrih.voce
1018 3775 1071 3827 ΒΟ
1152 3777 1192 3827 ιὰ

111 3796 295 3899 desuefactam
315 3847 370 3896 iam
387 3847 440 3899 AB
474 3848 527 3896 iam
548 3848 603 3898 des.
625 3849 677 3900 lto
711 3854 815 3900 veteres
834 3849 859 3900 A
930 3862 966 3912 ¹7·
984 3851 1124 3896 revocarat
1141 3846 1194 3897 AB

111 3916 243 3969 abfriva
278 3918 581 3986 revocaveratlivulg.
617 3920 743 3987 cuiqnam
762 3933 780 3966 α
849 3919 888 3973 18.
908 3915 1093 3966 iocundiorA
1154 3933 1190 3995 ¹9·

108 3988 324 4058 suisipsisAB
369 3989 424 4039 suis
443 3989 498 4038 illis
521 3989 654 4056 ipsisllO
697 3987 890 4040 fuitom.AB
963 4002 997 4036 αι.
1013 3983 1105 4055 facite]
1126 3982 1192 4035 secrt

108 4058 164 4110 AB
257 4073 346 4110 meres
365 4065 392 4108 et
411 4061 590 4126 arrogantiam
611 4061 669 4108 eius
692 4059 770 4116 AB}
851 4074 921 4110 usos.
940 4056 998 4108 eius
1017 4063 1046 4106 et
1066 4055 1191 4122 arrogfl

76 4130 80 4135 '
108 4127 863 4255 epig.ABetomdipncdesglkiklnopqrstuvw
942 4125 1190 4196 sedquoniam

107 4213 182 4250 ram
409 4214 488 4250 issam
