2736 4696
153 285 222 358 19⁰
563 253 808 320 Anuorarro

153 448 255 499 tamen
275 437 315 499 ob
334 439 558 520 praecedentem
581 443 747 523 genitivu-m
775 445 921 526 utriusque
945 443 1144 526 depravatum
1163 464 1231 519 ,esse

152 555 247 626 puto:
278 556 344 606 tum
374 548 545 608 consuemdo
580 569 635 630 pro
664 551 840 610 mcessrbido
860 549 1124 612 bonis·codicibus
1144 571 1231 612 com·

152 653 328 713 mendaturr
351 654 403 714 sed
422 653 480 713 hoc
504 630 624 737 qnoque
644 677 679 716 ex
698 656 902 738 praecedentis
922 659 1007 720 verbi
1028 658 1232 732 similitudine

148 771 325 842 corruptum
358 780 420 821 esse
452 743 592 823 videturz
628 784 699 823 nam
718 759 831 825 ¹maius
866 765 941 846 quid
968 764 1130 825 dicendum
1146 777 1231 845 erat,

148 879 217 950 post
243 868 438 949 praemissum
468 888 577 928 nomen
610 890 709 944 usum,
749 891 841 951 quam
859 871 1042 945 consuetudo,
1066 893 1129 953 qua
1152 872 1231 936 illud
1262 898 1266 904 ’

148 976 272 1036 minime
292 985 428 1059 augetur.

234 1085 280 1150 15.
298 1104 413 1168 prtum:
444 1082 524 1143 hanc
555 1081 752 1165 particulam,
782 1106 969 1171 quaequam
995 1088 1165 1156 necessaria
1191 1087 1231 1149 sit

146 1201 226 1251 recte
256 1190 332 1251 vidit
353 1188 509 1268 Orellius,
539 1191 618 1250 inter
635 1192 744 1251 omnis
777 1191 866 1251 codd.
896 1202 985 1252 notos
1005 1191 1061 1252 soli
1083 1193 1229 1257 exhibent

144 1297 376 1380 salisburgensis
395 1307 426 1357 et
445 1299 578 1379 optimus
598 1297 799 1361 Florentinus.
846 1317 850 1327 ¹

232 1405 277 1466 16.
299 1405 427 1485 ex'hac]
470 1389 519 1465 Sic
541 1405 664 1466 demum
686 1406 768 1466 hunc
788 1405 888 1467 lorum
915 1404 1015 1468 lucem
1047 1430 1134 1469 suam
1170 1429 1228 1480 na*

144 1524 228 1574 ctum
249 1506 312 1573 esse
331 1512 397 1572 iure
416 1508 571 1571 laetamur.
614 1512 650 1571 ln
670 1510 791 1594 vulgata
818 1500 966 1594 scriptura
984 1515 1018 1575 in
1035 1516 1093 1576 lmc
1113 1515 1230 1584 frustra

144 1618 354 1704 quaerebatur,
378 1639 440 1702 quo
460 1639 626 1701 pronomen
647 1619 838 1681 referendum
848 1630 955 1698 esset,
989 1634 1085 1702 quum
1105 1633 1228 1703 praeter

144 1728 328 1790 Gulielmum
361 1748 450 1789 nemo
476 1727 536 1787 dici
568 1749 652 1808 posse
674 1733 810 1790 censeret
827 1732 913 1811 quasi
934 1728 1092 1790 Gallorum
1112 1752 1225 1794 moret

142 1858 224 1898 nmio
252 1836 371 1922 aliquid
411 1839 444 1896 in
463 1849 525 1896 tua
551 1836 641 1920 fide,
670 1837 826 1918 diligentia
846 1843 917 1898 cett.
962 1838 1066 1915 Quare
1085 1838 1224 1920 plerique

99 2016 103 2023 Ι
143 1946 319 2026 interpretes
338 1945 370 2003 in
393 1944 449 2003 lton
464 1943 694 2023 praetulerunt,
725 1943 808 2025 quod
840 1944 1004 2005 Lambinus
1042 1949 1223 2026 proposuit:

142 2052 195 2114 sed
220 2051 294 2135 quid
314 2050 346 2110 hi
377 2070 481 2111 omnes
507 2050 613 2112 mediis
632 2049 690 2111 illis
711 2050 830 2129 verbis,
859 2073 937 2134 quae
958 2052 1063 2111 Cicero
1085 2050 1224 2134 inprimis

143 2157 276 2218 extollit:
310 2177 401 2241 quam
420 2159 482 2240 ipse
502 2186 542 2200 -
562 2187 600 2200 -·-
622 2155 769 2234 dicendi,
784 2155 927 2229 fecerint,
950 2177 1072 2238 prorsus
1091 2179 1155 2220 non
1173 2162 1223 2221 in-

53 2329 58 2333 ,
142 2261 256 2344 telligo.
296 2261 408 2325 Contra
429 2262 566 2321 restituta
588 2280 661 2320 vera
682 2261 772 2323 huius
792 2261 850 2322 loci
871 2262 968 2324 forma
987 2285 1029 2324 ex
1048 2265 1121 2340 irae,
1154 2285 1221 2326 orn·

142 2371 194 2430 nia
213 2369 301 2430 facile
321 2381 351 2430 et
371 2380 439 2451 apte
459 2369 634 2432 decurrunt.
1002 2441 1005 2454 Ι
1070 2448 1073 2453 ¹

224 2477 287 2552 82,
311 2499 340 2559 7.
362 2477 519 2561 exemplis.
544 2474 676 2558 Ponam]
717 2475 811 2537 Varia
831 2475 930 2550 lectio,
952 2497 1030 2558 quae
1049 2479 1082 2541 in
1096 2477 1218 2558 optimis

141 2587 231 2649 codd.
257 2596 390 2668 apparet,
414 2585 548 2668 exempli
569 2606 657 2644 causa
677 2604 733 2665 pro
765 2585 910 2667 exemplis
937 2572 1036 2644 nobis-
1054 2583 1133 2645 nihil
1162 2586 1219 2653 nisi

141 2719 225 2759 error
253 2695 371 2757 librarii
403 2715 465 2759 esse
497 2693 635 2768 videtur,
659 2695 715 2774 'qui
729 2692 904 2752 litterarum
923 2714 938 2751 s
955 2695 988 2752 in
1005 2692 1065 2751 fine
1084 2695 1216 2777 nominis
1271 2667 1277 2684 ’

139 2827 197 2888 pro
217 2828 234 2865 c
253 2805 367 2887 aceepit
391 2825 426 2872 ex
448 2823 542 2885 eaque
562 2823 659 2877 causa,
672 2801 882 2882 interpretatus
904 2810 968 2881 est..
1002 2797 1033 2857 si
1055 2801 1126 2880 quis
1153 2798 1231 2891 plus.

95 2955 97 2959 .
140 2913 326 2974 auctoritatis
349 2911 421 2977 huic
443 2911 607 2991 scripturae
627 2907 758 2982 tribuat,
780 2911 873 2988 possit
894 2907 944 2987 ἰᾷ,
974 2913 1089 2972 mutata
1111 2903 1216 2964 distin-

139 3018 250 3097 ctione,
271 3017 329 3078 hoc
348 3014 439 3076 modo
460 3015 560 3076 locum
584 3014 787 3075 constituere:
810 3032 901 3095 neque
927 3010 960 3069 in
988 3031 1021 3070 re
1049 3023 1120 3099 nota
1148 3031 1216 3089 coa·

139 3145 259 3195 sumam
279 3137 407 3206 tempus:
431 3122 564 3205 exempli
581 3140 669 3180 razna
685 3138 798 3202 ponam
819 3116 898 3181 illud
915 3137 1014 3176 namn.

221 3229 285 3304 83,
315 3229 361 3304 14.
389 3228 555 3290 sublatura
575 3224 723 3285 Lambino
754 3222 827 3284 olim
847 3244 864 3284 e
885 3221 951 3282 MS.
973 3232 1139 3305 enotatum,
1161 3246 1215 3286 no-

137 3337 206 3397 stris
226 3333 467 3411 assentientibus,
489 3354 551 3393 non
572 3331 685 3392 diutius
707 3352 741 3391 ex
761 3330 866 3390 ordine
885 3327 1103 3407 excludendum
1127 3331 1212 3392 duxi:

137 3442 374 3524 subscriptiones
407 3445 488 3502 enim
519 3439 609 3502 semel
644 3440 739 3499 sactae
770 3449 850 3499 certe
869 3459 930 3498 nun
953 3436 1142 3514 delebantur,
1164 3438 1214 3501 sed

136 3550 183 3609 vis
213 3569 316 3608 earum
337 3548 528 3631 sequentibus
549 3546 665 3608 iudiciis
684 3545 858 3606 tollebatur.
891 3545 992 3604 Etiam
1014 3546 1215 3627 complurium
1251 3601 1254 3624 ,

41 3703 55 3726 ,
102 3703 115 3736 4
136 3654 224 3718 codd.
259 3655 384 3736 vestigia
414 3675 432 3713 a
466 3652 587 3736 vulgata
619 3655 767 3735 scriptura
794 3650 975 3714 discedentia
1006 3651 1147 3740 (delatas)
1175 3653 1213 3716 ad

137 3760 264 3823 eandem
284 3761 498 3821 correctionem
521 3761 646 3821 ducunt.

222 3864 269 3928 18.
289 3865 443 3951 accepisse]
485 3867 625 3950 Optimos
643 3866 736 3929 libros
759 3866 930 3950 sequimur:
951 3877 1115 3951 utrumque
1143 3890 1211 3952 per-

135 3974 207 4036 inde
227 3973 338 4034 dicrtur
359 3985 389 4034 et
412 3995 516 4058 capere
533 3978 692 4059 pecuniam
712 3978 754 4053 (v.
780 3996 870 4058 supra
893 3997 925 4058 p.
949 3974 1006 4052 82,
1029 3977 1093 4058 25.)
1114 3988 1145 4040 et
1160 3997 1213 4040 ae·

134 4083 233 4166 cipere
253 4087 301 4158 (v.
322 4102 355 4167 p.
378 4102 416 4165 7²
442 4089 495 4165 r.).
