2774 4696
176 249 214 310 Vl,

176 431 269 503 taque
288 417 401 481 laetitia
424 440 527 480 euram
547 418 626 479 hanc
647 416 813 481 commodis
829 419 940 482 nostris
960 421 1127 502 impensam
1146 419 1265 504 excepi,

179 572 274 635 quum
284 573 365 613 unus
375 551 466 612 codex
474 553 672 629 Monacensis,
689 554 741 636 qui
755 552 927 637 Salisburgo
937 555 969 615 in
979 555 1092 638 regiam
1102 553 1265 616 bibliothe-

177 706 246 746 cam
266 683 369 746 illatus
397 695 485 764 erat,
516 707 637 767 prorsus
660 707 729 746 cum
756 689 870 769 optimo
897 685 1076 749 Florentino
1096 689 1267 749 consentire

177 825 344 900 appareret.
374 793 499 899 *Magna
521 817 611 900 igitur
639 816 721 900 apud
750 839 799 880 me
828 817 920 880 huius
946 819 1124 904 inspiciendi
1151 820 1266 902 cupido

177 959 279 1039 exorta
300 957 355 1022 est,
381 968 437 1009 nec
467 949 578 1010 frustra
602 947 758 1033 concepta.
801 951 880 1013 Nam
900 952 991 1016 iidem
1015 946 1265 1032 viri'clarissimi,
1324 964 1325 967 ’

176 1045 307 1164 quorum
319 1079 528 1141 liberalitatem
540 1082 600 1140 iam
620 1084 731 1163 experti
747 1103 877 1157 eramus,
895 1104 914 1143 a
930 1050 1190 1144 NIEBUHRIO
1204 1083 1264 1142 ite-

176 1234 245 1274 rum
258 1212 364 1274 litteris
379 1214 493 1295 rogati,
517 1214 625 1288 omnis,
648 1235 724 1296 quos
748 1215 961 1296 expetivimus,
983 1215 1277 1296 tumscriptostum,

175 1346 335 1428 impressos
367 1341 481 1423 libros,
515 1345 698 1408 concedente
729 1367 869 1430 supremo
897 1346 1037 1430 publicae
1066 1345 1265 1407 institutionis

175 1477 208 1536 in
242 1497 335 1557 regno
368 1475 514 1536 Bavarico
541 1475 796 1540 administrandae
822 1477 966 1554 consilio,
1001 1481 1138 1540 Bonnam
1162 1488 1264 1539 trans-

173 1608 294 1669 mittere
329 1628 392 1668 non
423 1606 610 1674 dubitarunt.
676 1609 827 1672 Continuo
862 1631 918 1694 ego
951 1619 1124 1671 accuratam
1157 1626 1264 1668 eorum

173 1740 430 1822 comparationem
466 1699 599 1812 institui,
635 1762 696 1822 qua
722 1742 846 1825 quidem
868 1743 950 1803 bona
978 1763 1066 1824 spes,
1102 1760 1194 1824 quam
1223 1739 1263 1801 de

171 1868 392 1953 salisburgensi
412 1871 512 1932 statim
527 1890 744 1952 conceperam,
768 1874 887 1955 egregie
899 1873 1076 1934 confirmata
1090 1882 1145 1933 est.
1183 1869 1263 1932 Nam

172 2024 267 2086 quum
287 2024 342 2086 per
364 2013 460 2065 totam
480 2005 648 2065 orationem
678 2007 742 2068 eius
762 2007 891 2067 varietas
918 1986 989 2066 cum
1015 2003 1264 2087 praestantissimi

170 2134 341 2197 Florentini
361 2136 516 2218 scripturis
536 2138 729 2213 conveniret,
756 2140 799 2198 ita
814 2148 921 2198 ‘tamen
948 2137 981 2197 in
1011 2100 1103 2199 rebus
1135 2135 1262 2198 minutis

172 2266 263 2330 abeo
285 2267 431 2346 discessit,
459 2277 495 2328 ut
517 2277 659 2328 neutrum
681 2289 720 2328 ex
741 2266 837 2330 altero
863 2266 998 2348 fluxisse,
1022 2268 1075 2332 sed
1095 2277 1263 2349 utrumque

172 2420 208 2461 ex
231 2401 400 2484 antiquiore
422 2400 507 2461 sonte
529 2399 698 2461 derivatum
719 2421 783 2461 esse
803 2410 993 2484 compertum
1010 2397 1165 2460 haberem.
1189 2399 1262 2476 Quo

171 2531 291 2616 saepius
311 2543 411 2594 autem
440 2540 627 2594 constantem
646 2534 806 2618 utriusque
831 2532 945 2596 codicis
966 2533 1170 2594 recensionem
1191 2551 1261 2614 per·

170 2662 357 2747 pendebam,
389 2666 544 2726 eominus
572 2665 712 2727 dubitare
732 2667 837 2748 potui,
872 2667 946 2749 quin
967 2665 1081 2750 ubique
1106 2665 1170 2728 fere
1190 2665 1261 2730 vul-

170 2808 256 2881 gatae
276 2797 365 2882 longe
385 2809 570 2881 praestaret,
594 2810 625 2860 et
645 2800 677 2858 in
698 2796 874 2858 universum
887 2796 1058 2858 revocanda
1074 2807 1162 2858 esset.
1192 2797 1268 2858 Hoc·

169 2924 329 2993 consilium
351 2953 431 2994 nova
451 2932 508 2993 hac
540 2930 671 2992 editione
698 2932 818 3014 sequuti
846 2951 963 2992 sumus.
1004 2929 1047 2990 Et
1075 2944 1259 3009 quamquam

169 3062 341 3124 institutum
361 3075 500 3125 nostrum
520 3085 552 3124 se
572 3065 672 3145 ipsum
703 3061 800 3124 doctis
827 3061 921 3135 viris,
950 3080 1081 3142 quorum
1112 3057 1258 3120 iudicium

168 3194 437 3276 magnifacimus,
465 3194 594 3278 probare
614 3193 704 3255 debet
728 3204 758 3254 et
781 3191 1011 3270 commendare,
1025 3223 1028 3228 -
1043 3188 1128 3250 haud
1149 3187 1259 3249 inutile

167 3337 270 3388 tamen
290 3327 411 3390 videtur
434 3348 484 3388 eas
504 3327 654 3401 rationes,
684 3324 796 3409 quibus
815 3324 943 3386 maxime
962 3320 1166 3396 confidimus,
1195 3319 1256 3381 hoc

167 3455 235 3520 loco
254 3478 436 3540 proponere.

237 3585 391 3654 ,Primum
410 3587 504 3669 igitur
524 3583 600 3646 illud
621 3583 708 3647 nobis
727 3603 867 3665 magnam
888 3581 999 3642 horum
1019 3581 1158 3642 codicum
1173 3578 1255 3641 fidu-

165 3718 245 3785 ciam
267 3719 358 3795 facit,
382 3715 464 3799 quod
487 3713 570 3775 haud
596 3734 667 3774 raro
686 3722 838 3794 receptam
866 3711 926 3771 iam
957 3718 987 3771 et
1015 3710 1068 3771 diu
1098 3708 1254 3790 vulgatam

165 3852 363 3935 scripturam,
382 3858 393 3928 J
408 3865 500 3929 quam
532 3846 709 3926 interpretes
738 3841 916 3925 iampridem
944 3842 1033 3901 unice
1061 3839 1251 3922 probarunt,

164 3983 204 4045 ab
223 3983 261 4047 iis
280 3980 353 4045 solis
378 3989 528 4043 servatam
550 3997 612 4039 esse
632 3975 788 4058 videmus,
820 3973 952 4059 reliquos
974 3977 1086 4054 omnis,
1119 3993 1251 4058 quorum
