2736 4696
602 264 785 327 celrico.
1171 267 1239 372 ,95

230 447 295 528 93,
318 444 348 508 5.
371 469 424 509 rua
443 446 584 530 retemta]
607 447 691 520 Haec
712 459 757 527 est
779 436 932 544 scriptura
946 449 1083 525 omnium
1101 450 1240 551 codicum

151 564 272 635 praeter
291 555 496 635 Francianos,
520 578 652 638 quorum
674 557 824 618 levissima
842 567 888 621 est
905 557 998 627 fidest
1026 569 1131 620 contra
1136 581 1240 646 quam
1320 533 1331 624 ι,

151 683 207 722 cur
240 660 374 723 Orellius
404 684 502 744 nuper
530 665 633 729 denuo
664 664 814 743 luctetur,
854 675 886 731 et
916 663 1071 737 alteram
1060 669 1238 728 conscientia

150 771 310 830 artificiosa
337 769 466 851 quadam
492 770 608 830 ratione
632 773 713 843 tueri
727 779 885 849 ‘conetur,
921 792 984 831 non
1013 770 1114 832 video.
1157 770 1239 835 Vide

149 877 242 937 modo
259 875 350 944 allata
367 876 458 959 paulo
478 888 548 938 ante
570 878 662 959 ipsius
685 877 834 958 Scipionis
852 875 963 939 verba:
994 893 1032 937 se
1058 880 1176 952 scire,·
1202 872 1238 938 ri

146 986 214 1066 quis
241 996 345 1047 contra
373 984 466 1044 vellet
493 983 608 1058 dicere,
647 1006 766 1046 uswum
793 1006 852 1044 esse
877 1005 945 1045 eum
978 1006 1028 1045 uto
1055 985 1236 1044 testimonio:

148 1111 252 1151 nonne
271 1101 375 1172 aperta
393 1072 431 1151 ad
453 1091 527 1151 haec
547 1087 640 1167 verba
669 1091 775 1152 Cicero
799 1094 946 1174 respexit,
978 1111 1073 1172 quum
1099 1089 1234 1151 diceret:

142 1196 210 1278 ‚ipse
230 1216 299 1255 sua
320 1197 461 1256 scienti
467 1217 488 1255 α
508 1233 547 1243 -
569 1208 716 1256 contentus
736 1218 796 1257 iton
810 1199 903 1276 suit?
922 1196 970 1266 De
992 1196 1079 1257 verbi
1099 1199 1236 1259 scientiae

86 1322 89 1330 ¹
147 1321 206 1361 usu
225 1304 250 1362 si
266 1302 399 1381 dubites,
411 1304 547 1366 conseras
562 1303 594 1363 d.
618 1303 722 1370 Divin.
740 1305 781 1379 tl,
804 1325 835 1387 9.
857 1293 916 1364 ⁵23:
939 1305 1117 1384 ficturorum
1138 1305 1236 1366 malo*

147 1428 214 1469 rum
231 1412 379 1491 ignoratio
400 1411 504 1470 utilior
528 1425 571 1471 est
586 1433 676 1496 quam
694 1413 826 1478 scientia.
867 1408 929 1472 Sed
947 1412 989 1472 'sic
1009 1414 1110 1492 potius
1129 1410 1235 1494 dispu-

147 1517 276 1596 tandum
291 1530 355 1579 erat
373 1521 405 1579 in
424 1519 491 1580 ioco
513 1531 619 1580 contra
636 1521 722 1584 MSS.
744 1530 879 1581 tentato:
903 1521 935 1578 in
960 1529 1071 1600 magno
1093 1515 1235 1582 codicum

146 1644 292 1686 consensu
311 1625 417 1688 melius
439 1648 500 1687 non
523 1626 693 1688 dubitatum
712 1637 788 1688 essct
808 1647 827 1687 a
849 1625 923 1687 viris
944 1625 1053 1686 doctis.
1127 1655 1129 1658 ·

229 1731 287 1815 95,
317 1754 347 1814 7.
372 1733 405 1792 in
426 1754 497 1817 quos
518 1740 584 1793 tum'
601 1725 737 1816 Consnies
756 1729 938 1814 designator]
953 1730 1137 1791 Garatonius
1149 1751 1235 1814 egre-

142 1822 193 1920 gie
208 1837 291 1898 huno
306 1838 406 1922 locum
422 1838 572 1916 illustrat,
600 1832 777 1899 ostendens:
806 1837 887 1898 idem
909 1836 993 1919 quod
1011 1837 1045 1896 in
1069 1838 1234 1918 superioris

144 1947 218 2006 anni
242 1943 389 2032 Consules
409 1945 565 2006 decretum
590 1945 698 2019 merit,
727 1947 760 2005 in
787 1945 955 2026 designatos
976 1944 1049 2004 anui
1078 1946 1232 2025 sequentis

144 2052 252 2114 eodem
276 2063 414 2134 tempore
442 2073 504 2113 esse
531 2051 706 2129 decretum,
741 2062 840 2132 neque
864 2049 1019 2110 decentem
1046 2050 1081 2110 in
1100 2052 1232 2134 aliquem

143 2155 176 2217 h‘.
214 2155 236 2218 l.
261 2157 426 2239 quidquam
455 2155 538 2217 aliud
566 2177 646 2229 esse,
677 2149 788 2239 quam:
828 2156 956 2217 tradere·
975 2154 1066 2246 alicui
1094 2169 1232 2230 senatus-

138 2264 326 2326 consuitnm.
368 2262 428 2324 Sed
451 2263 531 2323 idem
555 2272 657 2324 tamen
678 2261 798 2330 dubitat
813 2261 853 2324 de
869 2261 1114 2344 particulatam,
1140 2285 1233 2353 quam

141 2393 177 2432 ex
202 2370 412 2432 emendatione
438 2369 604 2451 profectam
632 2390 695 2431 esse
720 2369 910 2452 suspicatum
960 2371 1019 2454 ipsi
1040 2393 1079 2432 ex,
1097 2366 1233 2460 editione

142 2479 334 2562 Naugeriana
364 2487 479 2538 mutata
505 2477 658 2538 distinctio
681 2476 780 2559 placet
806 2479 840 2537 in
871 2477 954 2553 hunc
980 2479 1123 2550 modum:
1160 2505 1232 2547 num

139 2605 222 2645 anno
237 2597 358 2668 post—
373 2583 512 2644 Cassitn?
532 2586 564 2644 in
583 2605 657 2667 quor
677 2604 787 2666 quum
809 2583 1134 2665 Comulesgdesignatos
1148 2587 1230 2664 niem

138 2689 221 2753 illud
245 2703 360 2751 senaim
381 2688 547 2750 decreverit
558 2732 567 2766 ‚
591 2707 652 2748 non
673 2687 809 2753 munau.
849 2687 910 2749 sed
929 2688 1063 2769 primum
1081 2693 1230 2774 particula

136 2812 199 2860 tum
221 2818 283 2859 non
302 2797 493 2879 aliquorum,
520 2795 573 2857 sed
589 2794 792 2877 plurimorum
820 2804 850 2856 et
870 2795 1056 2876 optimorum
1078 2795 1230 2869 librorum

134 2907 322 2967 'auctoritate
343 2905 471 2984 nititur5
505 2915 572 2965 tum
599 2923 672 2966 vcro
696 2896 838 2973 illudio
870 2902 927 2967 ista
955 2903 1072 2979 rationo
1099 2905 1229 2975 maxime
1272 2971 1277 2982 ,
1322 2937 1323 2941 ,

135 3012 366 3074 incommodum
389 3022 434 3072 cst
446 3056 468 3090 ,.
491 3009 574 3092 quod
591 3010 686 3090 priori
707 3009 897 3091 quaestionis
933 3029 1003 3081 mun
1026 3009 1066 3069 L.
1086 3010 1228 3081 Luculltu

128 3140 181 3205 j-
201 3121 321 3196 tulerit,
346 3118 424 3179 nihil
439 3129 521 3179 esset
542 3135 733 3200 responsum.
776 3116 890 3193 Contrp
906 3114 1031 3198 simplex
1049 3118 1227 3205 responsio„

137 3238 202 3288 tem
230 3227 365 3287 breviter
393 3230 565 3287 enuntiata:
605 3247 664 3287 non
690 3225 837 3300 tolet-um,
868 3245 1009 3307 magnam
1032 3227 1096 3298 vim
1118 3226 1225 3300 hahet.

138 3331 268 3395 Accedit
288 3333 371 3414 quod
398 3333 583 3413 optimorum
602 3330 743 3393 codicum
763 3329 822 3411 ope
847 3349 962 3404 unum,
988 3332 1072 3413 quod
1093 3333 1228 3410 restabat

136 3459 229 3501 verae
258 3439 425 3519 scripturae
452 3437 679 3501 incommodum
711 3436 906 3506 sustulimus·
934 3437 1090 3514 dedimus
1117 3441 1223 3519 enim,

137 3558 301 3630 praeeunte
329 3548 495 3622 Lambino‚
534 3547 705 3610 decreuerat
732 3565 788 3627 pro
816 3546 1010 3607 coniunctivo
1040 3546 1223 3633 decoeperii,

135 3656 192 3738 qui
211 3655 302 3714 huius
319 3654 379 3715 loci
399 3676 461 3715 non
475 3665 551 3714 crat.

225 3764 328 3823 roe
293 3761 500 3844 afferendum]
527 3761 610 3822 Haec
629 3761 718 3821 unice
738 3781 812 3822 vcra
831 3751 981 3841 scriptura
995 3781 1078 3834 nunc
1099 3691 1223 3837 demum

136 3889 174 3930 cx
196 3870 286 3930 MSS.
305 3889 420 3931 novum
440 3868 608 3930 subsidium
630 3879 718 3929 nacta
737 3877 800 3928 cst:
825 3888 896 3929 nam
917 3867 979 3928 duo
1002 3867 1109 3949 optimi
1128 3869 1224 3952 nostri

136 3988 246 4038 contra
270 3987 359 4037 notos
377 3978 475 4036 omnis
500 3996 556 4058 pro
574 3977 626 4038 iiia
650 3985 809 4042 testantur.
850 3974 911 4036 Sed
932 3996 994 4036 non
1015 3985 1089 4056 puto
1111 3954 1144 4039 id
1166 3994 1223 4057 co,

135 4085 295 4166 gitandum
315 4105 398 4159 esse,
422 4083 506 4165 quod
528 4083 627 4147 voluit
641 4076 800 4146 [Oreiliust
834 4104 968 4160 «rursm,
993 4081 1094 4155 denuo<
1110 4083 1222 4164 sempp

1345 729 1355 760 ἱ
