2736 4696
447 221 849 312 Psouc‘miu'rto.
1163 263 1184 346 7·

100 431 299 540 telligatis,
324 427 426 509 nihil
450 458 525 510 esso
542 426 693 511 homini
715 450 793 510 tam
810 425 1046 529 timendum,
1070 435 1190 532 quant

99 560 305 656 invidiam5
338 557 440 635 nihil
464 558 685 651 innocenti,
716 574 887 663 suscepta
911 549 1075 644 invidia,
1095 567 1191 653 tam

100 685 334 793 optandum,
360 682 479 788 quam
503 706 673 784 aequum
696 676 915 773 iudicium,
930 673 1041 783 quod,
1056 674 1099 750 in
1116 672 1192 755 hoc

99 837 183 887 uno
207 809 378 903 denique
395 807 509 883 falsae
526 806 708 885 infamiae
724 805 811 883 finis
826 803 965 908 aliquis
981 816 1098 904 atque
1114 796 1192 875 exi-

79 937 164 1008 5tus
176 929 402 1036 reperiatur.
453 928 715 1030 Quamobrem
734 954 869 1032 magna
889 952 950 1002 me
969 950 1051 1037 spes
1068 936 1193 1014 tenet,¹

99 1055 143 1145 si,
166 1080 267 1157 quae
291 1073 383 1132 sunt
407 1055 451 1132 in
475 1083 603 1147 causa,
628 1055 816 1159 explicare
841 1071 958 1156 atque
980 1046 1191 1127 omniadi-

100 1174 224 1253 cendo
249 1177 430 1281 consequi
455 1195 637 1283 potuero,
671 1175 779 1252 hunc
810 1177 939 1252 locum
962 1172 1190 1250 consessum-

99 1327 178 1404 que
203 1304 393 1392 vestrum,
416 1327 533 1404 quem
560 1299 619 1375 illi
644 1297 934 1376 horribilem'A„
951 1295 1192 1375 Cluentioac

100 1421 394 1499 formidolosum
417 1423 499 1499 fore
522 1437 777 1528 putaverunt,
807 1441 898 1494 eum
932 1416 1192 1497 ardencius

66 1545 283 1622 tofortunae
314 1548 473 1624 miserae
504 1546 750 1650 multumque
782 1544 940 1620 iactatae
963 1544 1122 1649 portum
1146 1570 1192 1620 ac
1289 1557 1291 1561 ’

100 1665 324 1771 perfugium
339 1668 529 1744 futurum,
568 1665 733 1742 Tametsi
750 1666 941 1769 permulta
957 1684 1068 1758 sunt,
1091 1692 1192 1772 quae
1217 1664 1240 1729 8

99 1787 219 1880 mihi,
255 1807 464 1892 antequam
490 1787 538 1864 dc
562 1815 676 1865 causa
700 1788 809 1879 dico,
841 1787 890 1864 dc
920 1791 1193 1872 communibus
1230 1803 1234 1819 '

100 1911 270 1988 invidiae
294 1912 476 2018 periculis
500 1908 662 1988 dicenda
686 1937 761 1988 esse
789 1908 1012 2002 videantur,
1044 1927 1202 2007 tamen,

100 2062 151 2110 ne
177 2033 325 2112 diutius
344 2033 516 2109 oratione
533 2058 618 2107 mea
634 2059 811 2138 suspensa
828 2029 1056 2138 exspectatio
1070 2051 1193 2113 restra

66 2161 298 2253 15teneatur,
332 2153 531 2257 aggrediar
565 2152 614 2229 ad
639 2152 786 2229 crimen
808 2173 900 2229 cum
923 2154 991 2229 illa
1015 2151 1193 2261 deprecass
1280 2211 1285 2218 ·

101 2280 223 2372 tione,
248 2277 412 2367 iudices,
435 2305 513 2381 qua
531 2276 630 2353 mihi
648 2277 798 2382 saepius
817 2276 1009 2356 utendum
1033 2302 1109 2356 esse
1133 2277 1202 2358 in-'

99 2401 248 2505 telligo,
273 2401 327 2477 sio
346 2410 393 2476 ut
412 2423 473 2474 me
488 2398 670 2493 audiatis,
689 2395 798 2501 quasi
816 2395 891 2479 hoc
908 2417 1078 2506 tempore
1096 2398 1192 2479 haec

99 2551 213 2601 causa
237 2523 409 2631 primum
434 2521 606 2614 dicatur,
639 2521 754 2599 sicuti
778 2519 937 2620 dicitnr3
974 2550 1056 2601 non
1079 2525 1189 2630 quasi

99 2674 210 2754 saepe
229 2647 308 2725 iam
326 2647 427 2724 dicta
443 2663 482 2723 et
499 2658 714 2753 numquam
727 2646 888 2752 probata
906 2647 965 2726 sit.
990 2648 1189 2734 Hodierno

36 2770 207 2847 -n'oenim'
230 2768 294 2855 die
317 2772 490 2877 primum
512 2770 650 2847 veteris
671 2769 778 2846 istius
808 2768 982 2846 oriminis
1011 2766 1188 2848 diluendi

99 2910 262 3000 potestas
292 2911 347 2969 est
379 2889 504 2983 datas*
523 2911 613 2971 ante
641 2892 717 2970 hoo
741 2911 891 2999 tempus
915 2914 1022 2970 error
1047 2893 1091 2972 in
1114 2891 1189 2972 hac

100 3041 212 3090 causa
238 3032 354 3116 atque
375 3010 518 3090 invidia
534 3030 678 3090 versata
695 3030 760 3091 est.
810 3014 1073 3114 Quamobrem
1092 3014 1189 3095 dum

100 3139 317 3216 multorum
339 3162 533 3219 annorum
556 3137 786 3218 accusationi
811 3139 978 3216 breviter
1003 3139 1189 3238 dilucide-

88 3283 180 3363 ,que
204 3255 433 3363 respondeo,
458 3284 614 3363 quaeso,
639 3276 687 3336 ut
710 3283 787 3350 mc,
813 3256 976 3353 iudices,
998 3262 1117 3352 vsicut
1132 3261 1192 3342 fa-'

63 3395 190 3489 atcere
213 3379 446 3467 instituistis,
470 3364 636 3486 benigne
659 3397 879 3487 attenteque
902 3381 1078 3469 audiatis.

185 3543 217 3614 6.
236 3546 262 3608 si
284 3567 320 3608 ea
343 3567 422 3630 quae
507 3566 556 3608 ta.
581 3545 680 3608 dicam
701 3548 708 3564 ¹

118 3730 121 3736 .
174 3677 201 3732 3.
220 3674 419 3747 iudiciorum.
441 3674 578 3752 deficitc
646 3677 893 3746 quaporpter}
927 3677 1013 3750 aliqui
1027 3677 1076 3751 op
1161 3674 1203 3731 5..
1320 3697 1352 3730 .·

104 3753 248 3890 {atta
266 3818 289 3871 Β
306 3747 470 3870 aaut
483 3747 607 3890 aas*
621 3764 745 3870 stau
762 3749 831 3871 q
849 3757 1080 3876 ,ussus
1120 3747 1188 3898 ,a

104 3886 482 3960 decausaom.abciqu‹‚·
516 3886 696 3942 dicoABds
729 3885 1064 3961 ghklnoprstuvsit
1098 3883 1189 3961 droam

104 3956 257 4032 abomqw
273 3958 459 4029 αεικλμνξ
477 3959 554 4028 vulg.
572 3957 671 4024 uisam
709 3959 780 4011 icoi
850 3960 891 4014 15.
916 3952 951 4010 ad
967 3961 1068 4011 crimen
1090 3971 1147 4021 om.¹
1168 3971 1189 4006 n

108 4028 146 4080 16.
164 4029 230 4151 qap)
245 4026 350 4100 quota
401 4046 439 4097 ¹7·
451 4029 490 4081 sic
501 4046 552 4086 om.
566 4045 583 4080 κ
691 4033 731 4088 18.
750 4026 860 4103 dieitur]
880 4027 985 4092 dicatur
1000 4029 1052 4081 AB
1110 4041 1187 4109 'ao-

105 4098 268 4223 ipsiusdilit.i
282 4097 527 4242 letdaccqutioni]
548 4098 650 4154 actioni
668 4115 687 4151 α
794 4097 837 4167 ²4·
854 4099 925 4168 sicut
945 4097 997 4153 Aa
1037 4097 1119 4152 sicuti
1136 4093 1189 4166 Ro

104 4183 477 4224 2.auasavocan-
837 4191 899 4207 -⁷
