2736 4696
153 262 203 334 82
612 253 776 318 omno

62 477 141 542 ⁴¹9
253 437 376 517 Video
402 438 539 542 igitur,
565 440 727 533 iudices,
747 438 1054 518 animadvertisse
1063 426 1247 515 Censoias

152 557 195 632 in
222 555 367 632 iudices
395 557 581 658 quosdam
607 559 711 634 illius
743 559 892 634 consilii
915 555 1090 645 Iuniani,
1115 582 1247 658 quum

150 680 261 756 istam
286 680 408 784 ipsam
433 706 586 755 causam
607 682 898 757 subscriberent
931 680 1007 754 Hic
1031 677 1134 753 illud
1164 678 1247 785 pri·

150 833 259 881 mum
290 831 493 879 commune
515 834 741 911 proponam,
760 830 975 907 numquam
1000 801 1247 879 animadver-

148 928 320 1004 sionibus
344 924 531 1002 Censoriis
562 924 662 998 hanc
686 922 878 996 civitatem
912 920 965 994 ita
1004 933 1265 1010 contentam

148 1070 195 1128 ut
220 1051 334 1126 rebus
360 1048 556 1139 iudicatis,
584 1047 706 1122 fuisse.
746 1047 880 1147 Neque
905 1043 947 1118 in
974 1061 1128 1120 renota
1150 1071 1244 1121 oon-

146 1201 296 1250 sumam
322 1193 473 1278 tempus
512 1171 703 1277 exemplis.
763 1173 909 1244 Ponam
940 1167 1041 1244 illud
1087 1195 1242 1247 unum:

148 1302 186 1375 C.
215 1299 378 1389 Getam,
414 1325 538 1399 quum
562 1324 584 1371 a
610 1299 651 1370 L.
689 1296 845 1371 Metello
878 1312 917 1369 et
941 1296 1010 1369 Cn.
1049 1291 1243 1382 Domitio,

147 1421 400 1508 Censoribus‚
433 1446 482 1492 ex
514 1438 649 1493 senatu
688 1417 829 1492 eiectus
860 1406 989 1503 esset,
1035 1417 1245 1491 Censorem

146 1541 222 1622 esse
248 1546 375 1650 ipsum
402 1564 529 1650 postea
564 1543 732 1618 factum:
759 1563 812 1629 et,
840 1544 950 1619 cuius
972 1567 1096 1620 mores
1119 1556 1276 1620 erantto

144 1699 167 1746 a
200 1668 436 1744 Censoribus
469 1668 711 1772 reprehensi,
740 1667 850 1743 huno
881 1686 1008 1772 postea
1032 1685 1072 1743 et
1097 1664 1246 1770 populi

144 1794 319 1883 Romani,
334 1813 373 1867 et
394 1819 540 1881 eorum,
567 1792 637 1894 qui
663 1792 703 1865 in
721 1791 847 1896 ipsum
873 1789 1241 1879 animadverterant,

143 1917 317 1991 moribus
343 1915 558 2021 praefuisse.
610 1915 757 2013 Quodsi
778 1916 879 1993 illud
911 1916 1101 1992 iudicium
1123 1934 1240 2020 puta·

94 2072 97 2079 ·
145 2060 269 2117 retur:
298 2058 342 2115 ut
367 2039 498 2134 ceteri,
526 2041 632 2145 turpi
657 2040 802 2117 iudicio
830 2040 1013 2130 damnati,
1039 2040 1082 2114 in
1100 2066 1240 2146 perpe-

144 2183 259 2240 tuum
293 2163 584 2240 omni.honore
616 2192 660 2239 ao
697 2165 883 2268 dignitate
916 2165 1143 2270 privantur,
1163 2165 1276 2244 ‚sicat

141 2285 368 2361 hominibus
401 2283 613 2386 ignominia
646 2288 787 2362 notatis
818 2285 1019 2389 nequead
1045 2289 1238 2369 honorem

60 2414 126 2500 '120
142 2407 293 2498 aditus,
322 2433 448 2509 neque
473 2407 516 2481 in
542 2406 691 2483 curiam
715 2410 861 2486 reditus
894 2431 995 2487 esset.
1044 2413 1177 2504 Nunc,
1203 2411 1238 2490 si

141 2559 258 2637 quem
276 2535 343 2608 Cn·
372 2531 528 2606 Lentuli
554 2551 623 2607 aut
647 2535 686 2606 L
706 2534 824 2608 Gellii
849 2535 1009 2610 libertus
1029 2535 1128 2612 furti
1145 2564 1238 2615 oon·

141 2655 361 2733 deninarit:
389 2657 440 2747 is,
475 2656 655 2732 omnibus
680 2659 915 2733 ornamentis
928 2658 1091 2750 amissis,
1119 2688 1237 2739 num·

138 2807 259 2882 quam
283 2782 405 2855 ullam
430 2780 637 2855 honestatis
660 2806 749 2855 suae
775 2782 931 2886 ‘partem
964 2787 1272 2888 recuperabitur

138 2931 234 3006 quos
258 2924 388 2979 autem
413 2905 491 3008 ipse
512 2908 552 2979 L.
579 2905 727 2981 Gellius
752 2924 792 2981 et
820 2909 887 3006 Cn.
913 2910 1118 3001 Lentulus,
1153 2910 1234 2989 duo

137 3029 332 3118 Censores,
360 3027 558 3100 clarissimi
576 3028 668 3117 viri,
688 3031 1032 3135 sapientissimique
1044 3033 1228 3125 homines,

138 3149 236 3260 furti
263 3169 301 3226 et
325 3168 527 3262 captarum
565 3153 822 3253 pecuniarum
858 3155 1034 3247 nomine,
1075 3178 1226 3237 notave-

220 3334 251 3393 3.
274 3335 407 3414 primum
427 3329 504 3391 illud
570 3351 638 3392 ⁴1o.
661 3334 760 3414 ipsum
782 3345 887 3416 postea
907 3356 972 3398 esse
1046 3356 1095 3399 tr·
1116 3339 1259 3402 aCen-·

217 3415 337 3476 soribus
357 3426 444 3475 erant

206 3594 232 3636 a.
258 3577 379 3650 consilii]
424 3577 521 3631 iudicii
549 3577 782 3650 cdesgmrstu
828 3601 879 3636 om.
904 3601 949 3636 no
1099 3588 1125 3641 3.
1157 3577 1237 3639 illut

135 3649 252 3718 primum
271 3651 324 3702 AB
374 3649 491 3717 primum
510 3649 581 3701 illud
616 3652 670 3703 110
768 3654 1018 3723 qpraeponamB
1119 3659 1145 3711 5.
1163 3673 1224 3710 con·

134 3722 291 3773 temtamA
435 3737 457 3787 7.
477 3720 622 3788 exemplis]
660 3724 778 3792 exempli
799 3741 878 3775 causa
915 3727 970 3779 AB
1140 3733 1166 3788 8,
1188 3726 1222 3778 ab

134 3789 211 3844 L.B
268 3796 270 3803 '
372 3807 408 3842 to.
429 3807 486 3842 esse
505 3792 595 3860 ipsum
613 3802 708 3858 postea
728 3795 782 3847 AB
854 3797 943 3864 ipsum
968 3803 1065 3865 postea
1090 3800 1222 3855 esserto

138 3878 176 3912 ιι.
197 3857 496 3912 consectatoribus
517 3861 573 3912 AB
644 3879 657 3911 a
683 3865 764 3921 Ceus.
793 3866 944 3919 erantne
1052 3870 1091 3923 16.
1121 3869 1167 3943 nd]
1192 3869 1221 3921 in

134 3931 191 3982 AB
296 3931 335 3983 ιὸ.
357 3929 430 3983 Gelli
456 3929 770 4001 Badeghltlorstu
882 3936 1014 3990 libertum
1041 3941 1066 3992 A
1088 3941 1149 4011 (pr.
1170 3942 1219 4007 at)

136 4017 178 4053 ao.
198 4000 369 4068 reeuperavit
388 4013 528 4070 aprstu
652 4023 693 4061 αι.
714 4005 751 4079 et]
778 4011 883 4060 antae
1006 4010 1049 4064 23.
1080 4019 1218 4082 captatum

134 4068 254 4138 ipsarum
287 4087 349 4141 pec,
368 4070 633 4142 bcdefglimnvs
