2736 4696
149 307 200 403 98
610 301 773 365 orario

152 483 290 562 litteris
314 482 584 579 mandarimus,
597 487 803 565 hominum
827 486 1011 564 memoria
1036 512 1116 562 non
1137 510 1241 561 com·

74 618 118 688 51
148 604 423 712 prehendatur.
479 611 558 711 Ego
583 635 671 685 vero
698 611 741 685 in
777 613 847 686 isto
882 633 1019 713 genere
1053 602 1242 684 libentius

153 758 278 834 quum
302 732 536 821 multorum,
564 750 649 806 tum
672 732 841 806 hominis
871 729 1173 834 eloquentissimi
1200 749 1243 806 et

150 854 433 960 sapientissimi,
471 858 510 928 L.
544 853 664 929 Crassi
697 853 964 929 auctoritatem
990 882 1142 957 sequor,
1166 836 1241 958 qui

150 1002 290 1077 quum>
319 979 388 1051 Cn.
432 979 618 1052 Plancum
659 974 898 1066 defenderet,
942 997 1143 1053 accusante
1185 980 1263 1058 Md

149 1099 288 1190 Bruto,
326 1100 482 1174 homine
519 1098 750 1176 indicendo
782 1099 998 1175 vehementi
1023 1120 1061 1177 et
1085 1101 1241 1188 callido,

150 1248 276 1324 quum
316 1223 474 1306 Brutus,
519 1222 670 1296 duobus
709 1221 975 1297 recitatoribus
1009 1223 1242 1310 constitutis,

148 1371 194 1418 ex
232 1343 381 1420 duabus
415 1346 496 1422 eius
527 1346 765 1422 orationibus
789 1346 915 1450 capita
940 1349 1107 1443 alterna,
1132 1347 1241 1424 inter

147 1493 186 1542 se
217 1470 427 1560 contraria,
467 1469 662 1547 recitanda
689 1489 867 1545 curasset:
893 1470 1000 1573 quod
1025 1472 1069 1546 in
1094 1469 1241 1548 dissua-

147 1592 252 1666 sione
277 1593 483 1696 rogationis
508 1594 611 1682 eius,
636 1618 736 1696 quae
762 1611 896 1668 contra
921 1594 1113 1669 coloniam
1141 1595 1287 1671 Naruo

145 1714 354 1790 bonensem
390 1715 617 1807 ferebatur,
651 1734 844 1818 quantum
884 1735 1024 1821 potest,
1067 1714 1116 1792 de
1157 1744 1241 1795 au·

145 1839 322 1914 ctoritate
348 1859 498 1914 senatus
536 1838 722 1914 detrabit:
750 1836 793 1912 in
827 1839 1001 1914 suasione
1031 1839 1123 1944 legis
1156 1845 1241 1918 Ser

144 1959 258 2035 viliae
282 1961 439 2035 summis
466 1979 579 2036 ornat
609 1979 786 2036 senatum
811 1959 1015 2036 laudibus:
1047 1982 1087 2039 et
1109 1965 1240 2041 multa

145 2083 189 2159 in
219 2084 367 2187 equites
396 2088 584 2160 Romanos
604 2098 730 2187 quum
750 2111 796 2158 ex
812 2086 856 2159 e'a
873 2086 1047 2161 oratione
1063 2088 1239 2194 asperius

145 2207 246 2285 dicta
281 2208 486 2296 recitasset,
520 2237 600 2312 quo
634 2208 755 2282 animi
789 2210 949 2285 illorum
980 2206 1156 2286 iudicum
1190 2211 1280 2290 ima

144 2334 320 2408 Crassum
346 2330 664 2408 incenderentur:
691 2331 938 2437 aliquantum
962 2358 1043 2409 esse
1064 2361 1235 2410 commo-

75 2476 127 2559 ¹4¹
147 2474 208 2532 tus
232 2454 386 2531 dicitur.
438 2461 573 2558 Itaque
599 2456 642 2533 in
666 2455 930 2561 respondendo
964 2457 1136 2563 primum
1160 2484 1235 2534 ex-

143 2578 273 2686 posuit
298 2578 502 2680 utriusque
530 2579 719 2654 rationem
745 2579 940 2684 temporis,
966 2599 1013 2655 ut
1038 2582 1161 2658 oratio
1187 2606 1236 2657 ex

143 2731 185 2780 re
205 2722 244 2779 et
266 2730 376 2778 causa
395 2701 527 2777 habita
544 2701 755 2779 videretur:
782 2702 931 2793 deinde,
951 2723 998 2779 ut
1015 2705 1233 2808 intelligere

144 2845 266 2933 posset
292 2828 449 2916 Brutus,
475 2852 592 2929 quem
617 2825 823 2910 hominem,
841 2844 880 2900 et
905 2853 985 2900 non
1010 2828 1134 2902 solum
1150 2832 1272 2931 qualo

144 2950 387 3051 eloquentia,
423 2975 556 3022 verum
591 2948 706 3022 etiam
742 2975 821 3050 quo
854 2949 984 3053 lepore
1015 2967 1055 3024 et
1084 2951 1232 3052 quibus

141 3071 291 3146 facetiis
315 3069 535 3173 praeditum
560 3071 778 3145 lacessissett
805 3089 879 3144 tres
899 3071 1032 3174 etipse
1050 3072 1230 3148 excitavit

144 3193 361 3269 recitatores
387 3220 475 3266 cum
501 3193 660 3293 singulis
685 3193 845 3282 libellis,
876 3219 972 3296 quos
997 3195 1049 3268 M.
1075 3195 1227 3280 Brutus,

139 3336 250 3426 pater
287 3315 391 3389 illius
428 3315 655 3388 accusatoris
691 3311 740 3386 de
776 3313 861 3389 iure
906 3313 1009 3390 civili
1054 3317 1230 3422 reliquit.

225 3527 253 3565 ι.
277 3503 520 3566 mandaverimus

177 3728 199 3768 ι.
218 3709 401 3764 mandarimus
427 3709 480 3763 AB
547 3707 765 3767 mandaverimus
782 3698 838 3765 lio
942 3729 970 3766 α.
996 3708 1060 3784 isto]
1081 3712 1141 3781 ipso
1169 3712 1227 3765 AB

139 3784 164 3836 3.
183 3778 253 3854 tum}
274 3797 333 3831 cum
355 3782 378 3833 B
472 3789 528 3831 tum
550 3780 683 3848 hominis]
702 3780 844 3834 hominum
863 3786 919 3831 tum
939 3779 1225 3853 bedesgt‘klmno

138 3853 163 3907 5.
183 3852 232 3907 Cn.
252 3864 270 3901 σ
326 3851 353 3902 C.
374 3851 429 3904 AB
465 3849 493 3903 L
514 3852 534 3904 lt
553 3850 628 3920 vulg.
700 3851 826 3904 Plancum
852 3854 885 3902 Π
901 3857 1229 3926 (praetermoqwjyo

137 3924 277 3979 Plancium
295 3922 317 3975 R
334 3923 410 3990 vidg.
480 3921 506 3978 6.
526 3922 615 3972 calido
633 3937 668 3972 es
687 3919 806 3973 Victorii
822 3922 894 3973 coni.
914 3933 958 3990 ρσ
1049 3926 1075 3978 8.
1096 3923 1155 3989 ejus
1173 3939 1224 3974 om.

29 4000 32 4007 '
137 3994 193 4049 AB
291 3993 417 4046 alteraB
504 4009 531 4059 9.
550 3999 579 4040 et
597 3989 670 4059 quod
688 3991 743 4042 AB
830 3992 868 4059 14.
888 3993 1032 4050 ηοω
1120 3995 1159 4047 ι5.
1178 3992 1222 4042 iu·

135 4064 239 4118 dicium
257 4063 305 4116 aa
397 4079 436 4128 ¹7·
455 4059 484 4111 in
502 4078 554 4117 oar.
573 4059 649 4113 Ati
667 4061 770 4124 (corr)
804 4063 939 4134 posuiiB
1033 4080 1072 4134 ¹9·
1091 4062 1130 4136 et}
1147 4060 1233 4130 ex'll'

138 4134 311 4196 eiexdot
395 4149 438 4185 aa.
458 4130 625 4185 etomAB
1224 4140 1228 4145 ·
