2736 4696
560 236 740 300 CRITICA.
1123 252 1194 345 ,93-

111 422 177 483 »Ur
198 420 364 503 plurimum
384 419 514 480 tribuam
538 421 698 483 Censoriae
717 423 951 505 subseriptioni,
970 422 1045 484 dicit
1073 435 1190 498 orator,

108 521 276 612 quidinde
300 502 464 587 efficituin
490 560 527 578 «-
568 527 684 590 Dicant
705 531 770 591 scil.
793 530 952 608 Censores,
977 514 1091 599 iidem,
1115 552 1192 612 quos

110 654 180 695 mox
209 631 317 692 eodem
343 632 434 692 modo
467 635 588 694 invocat
616 633 776 716 (efferant)
795 626 914 714 ',.duos
935 657 994 695 esse
1031 653 1194 722 corruptor.

109 742 206 802 Esto:
232 751 262 799 at
281 750 347 799 tum
368 741 478 816 ceteri,
497 744 550 821 qui
571 763 631 801 nou
653 745 747 802 notati
771 754 842 803 sunt
864 764 883 804 a
904 742 1093 821 Censoribus,
1102 747 1195 826 gratis

28 831 31 834 ⁴
110 848 374 923 condemnarunt,
394 845 484 926 ,quod
513 847 600 907 nobis
631 866 722 930 quam
743 852 870 914 maxime
892 861 1097 932 opportunum
1118 861 1190 910 est:

110 959 154 1018 sic
175 957 255 1016 enim
274 975 337 1014 non
359 955 601 1026 circumventus,
625 976 687 1015 non
709 977 867 1037 oppressus
892 967 936 1018 est
953 957 1149 1039 Oppianicus.

194 1062 256 1138 88,
281 1059 312 1122 5.
332 1061 398 1121 Ant
418 1058 496 1118 illud
513 1057 662 1140 efferant,
683 1061 804 1144 aliquid
820 1059 895 1144 erse]
944 1061 994 1121 Sic
1021 1061 1121 1121 locum
1141 1083 1192 1121 re·

108 1170 214 1252 scripsi
233 1190 269 1230 ex
291 1168 476 1244 coniectura,
489 1187 579 1249 quam
600 1187 682 1226 nunc
696 1189 713 1226 a
725 1165 919 1249 Leclerrquio
937 1179 1113 1250 occupatam
1130 1156 1201 1230 esse

111 1279 221 1351 video,
246 1296 342 1359 quae,
365 1274 503 1356 quamvis
519 1297 694 1358 perversam
714 1297 780 1336 eam
804 1275 937 1338 Orellius
959 1287 1097 1352 censeat,
1117 1276 1194 1336 mihi

111 1397 214 1447 tamen
234 1385 322 1445 unice
342 1404 414 1445 vera
438 1403 501 1442 esse
516 1382 647 1443 videtur.
685 1381 765 1442 lllud
782 1384 904 1466 quidem
919 1395 1000 1472 certe
1020 1378 1199 1466 perversum

114 1501 182 1569 est,
203 1492 231 1557 si
249 1490 356 1570 capitis
375 1489 526 1569 sequentis
546 1489 666 1546 initium
685 1498 767 1549 reete
787 1491 997 1570 perpenderis,
1029 1490 1112 1573 quod
1137 1511 1194 1550 no-
1288 1503 1291 1510 “

112 1597 227 1659 tissimi
249 1595 377 1659 editores
392 1605 426 1684 ot
447 1593 512 1675 ipse
537 1593 703 1655 Lambinus
724 1595 912 1677 negationem
932 1608 1001 1657 ante
1021 1617 1053 1657 v.
1066 1600 1196 1701 'compe-⁸
1294 1653 1300 1665 ,

111 1707 186 1766 risse
214 1706 413 1763 intruserunt.
456 1701 562 1762 Cicero
582 1704 662 1762 enim
686 1703 850 1784 Censores,
881 1706 995 1765 sicum
1024 1704 1194 1766 rationein

110 1808 244 1892 reliquos
264 1808 379 1869 iudices
401 1808 520 1868 Iuniani
541 1807 660 1883 iudicii,
681 1820 801 1889 praeter
821 1808 898 1870 duos
917 1807 984 1870 illos
1004 1831 1083 1892 quos
1103 1822 1193 1872 nota-

106 1917 231 1993 verint,
252 1916 368 1976 crimen
388 1915 511 1998 aliquod
532 1897 656 1976 iniioere
677 1916 817 1998 cupiant,
839 1916 918 1977 farta
940 1939 1045 1983 eorum
1065 1927 1095 1977 et
1124 1916 1189 1977 eul-

111 2045 185 2108 pam
205 2021 312 2084 afferre
331 2033 361 2083 et
381 2021 586 2084 demonstrare
610 2021 715 2083 iubet:
738 2024 880 2083 acerrime
890 2024 1031 2106 repudiat
1044 2025 1192 2084 rationem

109 2133 284 2208 militarem,
295 2152 356 2214 qua
375 2142 487 2192 temere
509 2141 539 2192 et
560 2133 664 2192 sortito
689 2151 723 2191 ex
744 2152 869 2192 numero
882 2151 1003 2192 reorum
1015 2135 1068 2214 qui
1084 2130 1191 2213 culpae

108 2237 216 2301 affines
245 2238 436 2317 habeantur,
468 2238 626 2321 eligantur.
679 2239 737 2299 Cui
757 2242 921 2300 sententiae
942 2260 1020 2323 quae
1039 2239 1199 2320 aptissime·

112 2357 303 2430 congruuntr
324 2348 408 2434 quod
419 2325 463 2407 'de
483 2348 528 2407 tis
546 2347 657 2431 duobus
669 2347 825 2408 habuerint
833 2347 1070 2431 compertum‚de
1090 2346 1192 2406 ceteris
1216 2355 1220 2365 '

108 2455 295 2540 comperisse,
318 2454 441 2514 minime
461 2452 611 2534 tangenda
635 2462 689 2513 aut
707 2453 879 2514 divellenda
902 2465 998 2514 erant.
1042 2452 1102 2512 Sed
1116 2452 1192 2514 haee

108 2560 196 2622 nullo
216 2560 397 2621 modorum
422 2559 572 2641 prioribus
591 2557 661 2634 illis,
685 2558 786 2641 qualia
807 2559 897 2640 vulgo
917 2559 1066 2640 leguntur,
1088 2557 1193 2618 cohae-

108 2680 199 2731 rent:
221 2667 284 2729 Aut
301 2668 381 2729 illud
401 2667 547 2751 effrene,
569 2668 774 2752 aliqrddesse.
802 2667 882 2727 Nam
902 2687 966 2749 quo
984 2664 1105 2726 vinculo
1128 2665 1190 2724 duo

107 2778 158 2838 isti
190 2775 331 2836 infinitivi
351 2789 420 2835 'esre
449 2786 479 2835 et
507 2777 680 2858 comperisse
703 2771 904 2855 copulentur?
968 2771 1091 2833 Scilicet
1126 2792 1189 2834 uno

100 2882 303 2943 'librariorum
316 2901 420 2941 errore
432 2881 532 2941 omnia
546 2879 689 2961 impedita
702 2890 784 2957 sunt,
792 2900 853 2961 quo
867 2878 1016 2940 levissima
1027 2881 1190 2940 eorrectio·

108 3006 150 3048 ne
162 2985 294 3059 sublato,
311 2995 341 3045 et
361 3005 464 3047 sensus
485 2996 513 3045 et
525 2988 624 3046 oratio
638 2995 706 3066 apte
720 2984 900 3066 procedunt,
912 3007 1010 3068 neque
1024 2988 1191 3068 quidquam

106 3092 245 3176 perversi
264 3090 414 3174 reliquum
433 3101 496 3151 est:
518 3112 574 3172 pro
593 3091 687 3151 verbo
707 3113 767 3152 esse
788 3091 991 3172 reponendum
1021 3102 1088 3154 erat
1111 3114 1188 3154 sese.

54 3219 60 3227 ·
96 3200 346 3279 ,rDemonstreut
365 3197 465 3276 uobis,
486 3200 597 3279 inquit,
617 3199 774 3273 Censores,
800 3199 927 3260 eandem
947 3197 1078 3281 culpem,
1095 3223 1189 3282 quam

101 3308 140 3367 iu
168 3303 288 3366 duobus
323 3304 593 3386 deprehenderint,
620 3329 639 3367 a
665 3311 770 3368 ceteris
788 3328 852 3367 esse
882 3307 1054 3367 admissam.
1110 3309 1191 3374 Nam

104 3412 167 3477 hoo
198 3389 323 3493 quidem
357 3409 456 3470 dicere
483 3431 546 3470 non
565 3411 720 3473 audebunt
740 3412 903 3494 prudentes
923 3413 980 3474 viri
1003 3425 1032 3475 et
1053 3414 1188 3476 honestir

104 3514 212 3580 omnes
233 3538 327 3600 aeque
349 3519 380 3578 in
400 3516 488 3599 culpa
508 3528 597 3578 sunt:
621 3517 673 3578 sed
695 3540 749 3578 uos
771 3519 846 3579 duos
866 3540 901 3580 ex
933 3519 990 3580 illis
1020 3543 1078 3603 pro
1105 3521 1189 3583 arbi·

104 3626 167 3712 trio
191 3625 289 3685 sortiti
309 3645 413 3686 sumus
434 3625 473 3684 ad
496 3627 681 3684 notationem
703 3625 909 3687 Censorium«
979 3668 1000 3707 ·.
1062 3701 1064 3705 7

196 3753 244 3815 ¹9·
272 3734 327 3817 qui
358 3734 390 3792 in
416 3732 492 3791 bello
513 3768 553 3780 -
574 3729 750 3816 deliquerat]
799 3732 887 3792 Nova
912 3732 1004 3813 haec,
1035 3757 1128 3816 qnam
1152 3756 1188 3795 ex

106 3841 234 3923 egregiis
263 3840 350 3902 MSS.
384 3838 571 3911 exhibemus,
605 3839 752 3920 scriptura
772 3860 864 3920 grave
884 3839 975 3901 huius
994 3843 1052 3903 loci
1073 3846 1187 3903 incom-

108 3947 238 4010 modum
258 3946 401 4007 sustulit:
437 3967 519 4036 nam*
535 3966 630 4028 quum
660 3948 693 4004 in
719 3945 857 4027 vulgataz
886 3969 923 4007 ne
945 3952 1190 4035 *delinqueret
1256 3954 1258 3963 '

106 4056 244 4139 amplior
255 4052 290 4114 οἳ
303 4064 373 4120 cett.
385 4053 478 4114 homo
490 4055 549 4112 iam
563 4062 652 4114 notus
667 4052 844 4145 cogitandus
852 4065 940 4134 esset,
949 4055 1050 4118 nullus
1061 4057 1138 4118 alius
1150 4076 1186 4118 ex

948 4170 990 4239 rb
