2736 4696
513 238 599 301 eno
623 237 666 300 A.
688 235 918 320 cnumrm.
1186 273 1255 347 ¹¹9

166 412 331 501 datum?
353 421 458 500 unde
483 428 704 531 sumptum?
736 451 836 533 quae
861 422 1001 502 deinde
1026 425 1254 535 interceptio

167 549 326 655 peculii
350 577 423 626 cur
446 575 528 627 nou
553 550 600 625 de
625 550 774 654 integro
797 570 927 627 autem
950 550 1106 630 datum?
1129 553 1255 630 Multa

164 656 278 768 sunt,
304 700 404 780 quac
429 673 504 749 dici
530 694 705 780 possunt:
729 676 796 752 sed
820 704 901 753 non
926 675 1183 768 committam,
1209 693 1256 752 ut

166 794 299 891 videar
324 824 405 873 non
430 795 593 872 dicendo
620 797 779 874 voluisse
804 797 940 873 dicere.
968 803 1038 875 Res
1061 798 1255 876 enimiam

149 931 205 996 fise
231 921 313 1026 ipsa
338 917 520 995 defendit.
545 921 659 1024 Nego,
686 919 799 995 illum
823 916 1108 1014 adolescentem,
1136 948 1254 1026 quem
1274 912 1331 980 ¹⁶⁸

166 1044 299 1121 statim
330 1062 444 1150 epoto
474 1045 614 1148 poculo
646 1062 847 1120 mortuum
870 1069 945 1120 esse
973 1043 1142 1134 dixistis,
1174 1074 1256 1122 om-

166 1171 260 1246 nino
286 1169 355 1247 illo
381 1168 445 1244 die
468 1196 543 1246 esse
567 1189 777 1247 mortuum.
847 1171 1032 1273 Magnum
1063 1186 1102 1246 et
1132 1168 1259 1274 impu·

168 1292 258 1370 dens
282 1291 539 1370 mendacium.
588 1293 792 1399 Perspicite
816 1312 951 1369 cetera.
989 1292 1100 1383 Dico,
1128 1293 1254 1387 illum,
1321 1356 1324 1368 i

168 1445 291 1521 quum
314 1414 366 1492 ad
389 1415 490 1490 illud
515 1414 726 1522 prandium
750 1415 912 1492 crudior
935 1417 1105 1506 venisset,
1131 1435 1179 1506 et,
1209 1435 1258 1494 ut

139 1563 266 1619 maetas
292 1541 360 1616 illa
384 1539 476 1632 fert,
501 1541 574 1616 sibi
601 1560 687 1617 tum
713 1567 793 1616 non
817 1543 1069 1648 pepercisset,
1105 1539 1258 1644 aliquot
1316 1557 1319 1567 ¹

169 1663 245 1743 dies
268 1683 486 1768 aegrotasse,
496 1683 535 1740 et
559 1665 612 1740 ita
635 1689 712 1739 esse
738 1684 949 1741 mortuum.
974 1663 1177 1764 Quishuic
1197 1664 1253 1738 rei

167 1788 267 1867 testis
280 1785 360 1865 est?
377 1786 494 1882 Idem,
507 1787 577 1890 qui
590 1788 650 1863 sui
662 1787 802 1877 luctus,
812 1807 939 1896 pater:
952 1807 1070 1894 pater,
1081 1787 1253 1892 inquam.

169 1912 272 1993 illius
298 1910 561 1989 adolescentis:
595 1937 713 2016 quem
738 1931 899 2018 propter
922 1911 1043 2004 animi
1069 1909 1256 2004 dolorem,

166 2030 361 2138 pertenuis
383 2031 547 2137 suspicio
572 2032 757 2136 potuisset
780 2059 827 2108 ex
851 2033 919 2110 illo
946 2034 1029 2109 loco
1057 2052 1187 2111 testem
1213 2035 1258 2112 in

138 2163 204 2235 ul.
234 2155 460 2232 Cluentium
487 2156 743 2232 constituere:
771 2156 802 2232 is
827 2155 935 2235 huuc
953 2183 1021 2232 suo
1038 2157 1255 2236 testimonio

164 2284 345 2360 sublevat
396 2279 513 2379 Quod
538 2280 665 2358 recita.
691 2285 753 2358 Tu
777 2301 923 2374 autem,
949 2280 1024 2356 nisi
1047 2283 1253 2358 molestum

164 2428 225 2505 est,
243 2406 442 2515 paulisper
465 2433 642 2511 exsurge:
668 2407 795 2514 perfer
819 2408 928 2484 hunc
953 2405 1125 2482 dolorem
1150 2432 1252 2482 com-

163 2531 446 2611 memorationis
471 2531 720 2609 necessariaez
745 2532 787 2607 in
812 2559 890 2637 qua
915 2519 987 2634 ego¹
1008 2529 1154 2605 diutius
1169 2556 1250 2605 non

163 2656 352 2743 morabor,
377 2654 575 2758 quoniam,
600 2654 706 2759 quod
731 2656 808 2731 fuit
831 2654 905 2730 viri
931 2653 1080 2760 optimi,
1113 2651 1248 2737 fecisti,

134 2797 209 2853 nut
235 2805 286 2853 ne
311 2778 376 2853 cui
401 2777 599 2853 innocenti
624 2803 775 2853 maeror
800 2797 890 2853 tuus
921 2775 1177 2852 calamitatem
1208 2794 1248 2852 et

163 2899 302 2975 salsum
336 2898 485 2975 crimen
508 2898 672 2975 afferret
731 2905 1064 2984 [rnsrtnomou
1087 2926 1246 2978 eannu-

162 3045 223 3096 ru
247 3027 429 3105 errare]
912 3032 917 3038 '

244 3215 278 3281 5.
303 3214 445 3282 defendat
573 3235 621 3304 17.
641 3225 672 3276 et
692 3212 792 3300 perfer

233 3400 256 3438 ι,
282 3378 395 3456 deinde}
420 3397 501 3452 porro
521 3381 631 3448 Quinct.
650 3380 709 3444 IX,
732 3381 764 3445 3.
782 3381 828 3451 37.
951 3397 977 3438 a.
994 3372 1098 3456 autem]
1116 3388 1245 3455 tamenq

162 3460 360 3508 tamnomo
462 3450 703 3518 4.iamom.AB
818 3447 1246 3524 5.defenditABbcdefghi

161 3522 375 3600 quydscq
446 3520 577 3574 desendet
596 3522 662 3582 νξτ
718 3519 968 3579 delendathell.
990 3520 1050 3575 edd.
1156 3539 1181 3588 7.
1200 3523 1251 3574 illa

161 3596 204 3668 tp
274 3609 401 3663 magnum
420 3593 522 3644 crimen
547 3598 575 3644 et
602 3593 668 3660 imp.
688 3590 779 3644 mend.
800 3590 877 3644 Art-b
895 3596 1000 3660 (corr)
1054 3590 1213 3660 imprudens
1231 3607 1251 3641 u

163 3667 188 3720 8.
205 3665 330 3737 perficite
348 3680 367 3715 α
422 3672 451 3714 et
467 3671 557 3716 cetam
573 3659 1101 3743 bcesghiklmnopqrstuvdsc
1211 3677 1249 3715 ιο.

163 3734 233 3857 iuml
255 3743 347 3786 tamen
364 3749 407 3804 αρ
419 3746 460 3786 στ
579 3750 617 3786 11.
637 3734 713 3804 quta]
733 3731 781 3802 qui
800 3733 856 3786 AB
981 3735 1019 3786 rt.
1044 3732 1079 3784 ad
1097 3750 1179 3805 quem
1196 3731 1254 3786 AB

165 3805 205 3875 14.
235 3803 296 3878 ooo]
318 3807 394 3857 luctu
415 3803 486 3860 coni.
507 3802 584 3871 sylo.
710 3801 750 3859 15.
771 3798 856 3874 hunc]
879 3801 1026 3856 nuneAB
1143 3819 1181 3871 ¹7.
1202 3819 1252 3853 ex-

162 3892 254 3947 surge:
272 3875 364 3944 perfer
381 3879 414 3927 11
429 3886 542 3948 praeter
559 3870 710 3948 mq5wdc
781 3886 892 3941 exsurge
913 3881 941 3924 et
966 3870 1058 3941 perfer
1074 3889 1154 3946 mqu
1175 3872 1251 3940 vulg.

165 3944 447 4018 19.>commoraborq
548 3959 590 3996 ao.
617 3947 698 3995 ut11
710 3941 1157 4014 praetermpmyorcmpr
1208 3941 1253 3992 uti

164 4018 264 4091 treqq.
369 4035 410 4071 ar·
431 4015 573 4075 offerret}
625 4010 773 4064 adduceret
794 4015 900 4086 Afing.
918 4015 1040 4081 afferret)
1100 4021 1161 4066 test.
1176 4011 1256 4073 Balb,

163 4093 264 4165 patris:
290 4085 357 4148 daec
376 4080 579 4162 verte‘primus
597 4085 706 4144 invexit
722 4082 814 4142 Lamb-
