2736 4696
83 179 86 187 '
142 218 213 275 200
556 191 801 256 coronano

141 387 357 462 opponuntur,
388 376 468 439 hoc:
534 378 738 460 eranrnbrem·
757 376 795 436 de
815 388 863 453 te,
895 374 1027 451 Cluenti,
1056 373 1113 434 tibi
1137 374 1217 435 obse-

138 507 232 568 quw,-
252 498 283 546 et
302 486 402 548 istuds
424 486 479 547 sed
496 507 544 563 ea,
555 510 631 571 qnae
649 501 676 548 te
700 510 720 546 a
740 507 787 547 me
806 485 974 547 den'derare
992 485 1138 560 arbitror,
1159 505 1216 542 non

137 592 312 676 relinquam.
354 594 480 655 Accium
503 616 535 655 se
555 594 706 677 appellare
727 594 833 653 Cicero
863 590 1058 662 hauddubie
1086 590 1218 670 corporis

137 701 335 761 conversione
354 705 425 762 satis
445 701 608 776 indicavit,
635 701 753 761 etiamsi
775 720 885 760 nomen
905 719 965 758 non
989 700 1091 758 statim
1112 716 1217 776 seque-

138 802 329 884 netur,quod
350 805 456 886 capitis
480 794 622 867 incisione
644 827 707 866 uon
728 815 796 886 apte
815 825 834 863 a
854 801 1102 885 praecedentibus
1120 802 1220 863 seiun-

137 919 220 970 ctum
245 920 299 970 est.

174 1058 177 1066 Δ
225 1037 270 1098 ¹7.
288 1019 330 1077 eis
351 1051 390 1063 -
411 1017 535 1101 legibus]
579 1017 659 1080 Male
686 1018 821 1080 Orellius
849 1019 960 1090 horum
983 1015 1146 1078 verborum
1174 1014 1218 1076 al·

137 1133 289 1185 teratrum
318 1123 481 1185 delendum
510 1146 571 1186 esse
597 1138 715 1186 censet:
746 1129 787 1186 eis
805 1127 837 1186 h.
857 1147 887 1187 e.
905 1123 1035 1199 talibus,
1058 1125 1091 1184 in
1110 1122 1220 1206 quibus

137 1253 334 1315 personarum
357 1231 516 1293 discrimen
537 1235 691 1295 statuitur.

160 1379 163 1383 ·
221 1359 270 1398 20.
291 1340 450 1411 accusavit,
473 1352 506 1398 ut
525 1372 565 1385 -
586 1342 629 1399 uti
654 1337 802 1424 oportere]
845 1339 1039 1418 Quamquam
1060 1336 1093 1396 h.
1112 1335 1136 1395 1.
1158 1357 1220 1396 nou

136 1443 300 1536 satisfaciat
327 1456 467 1505 constans
495 1444 641 1507 librorum
675 1448 835 1529 scriptura,
863 1458 964 1507 tamen
987 1448 1135 1525 integram
1156 1464 1220 1502 eam

136 1553 295 1612 restituere
316 1555 411 1613 tutius
431 1553 590 1628 duximus,
612 1576 702 1636 quam
724 1556 845 1614 incertis
865 1552 1010 1615 fluctuare
1029 1551 1219 1612 coniecturis.

138 1658 230 1736 Quod
255 1659 420 1719 Lambinus
441 1659 555 1719 edidit:
579 1660 738 1734 recusavit,
759 1659 833 1742 quin
853 1680 910 1742 quo
932 1661 1068 1720 altiorem
1082 1691 1118 1707 ·-
1130 1690 1165 1706 -
1180 1657 1223 1716 uti

127 1779 284 1848 oportere,
308 1752 340 1825 iit
360 1766 483 1826 omnino
507 1787 614 1826 verum
635 1768 764 1826 oratoris
793 1786 913 1827 sensum
936 1766 978 1825 ita
997 1764 1159 1846 exprimit,
1188 1773 1221 1822 ut

137 1871 318 1932 Ciceronem
337 1875 379 1934 sic
400 1873 548 1954 scripsisse
568 1872 653 1933 haud
673 1874 866 1954 poeniturum
887 1873 977 1935 titisse
998 1871 1134 1950 credam,
1149 1870 1222 1930 scri·

138 1982 233 2061 psisse
253 1989 353 2039 autem
376 2001 437 2039 non
458 1990 570 2060 putem.
602 1978 742 2039 Fortasse
762 1978 838 2039 nihii
858 1978 941 2038 aliud
962 1977 1144 2039 mutandum
1164 1986 1217 2050 cst,

131 2107 232 2168 ›qnam
254 2086 380 2146 verbum
400 2088 559 2163 aestuavit,
582 2107 720 2168 proquo
740 2088 886 2146 recusavit
904 2089 1029 2146 omnino
1050 2083 1148 2146 multo
1169 2105 1220 2165 ap-

136 2194 198 2253 tius
229 2192 367 2253 videtur:
400 2204 468 2254 tum
499 2203 601 2254 autem
632 2195 731 2254 nescio
754 2215 793 2253 an
814 2204 965 2254 structura
992 2185 1085 2252 ια’-
1100 2203 1218 2275 putatet

135 2321 193 2382 pro
222 2299 349 2380 simplici
379 2301 528 2359 infinitivo
555 2299 651 2380 accipi
683 2303 794 2380 possit:
826 2300 856 2360 id
878 2311 958 2360 certe
979 2298 1146 2359 tenendum
1165 2306 1220 2372 est,

136 2407 337 2486 negationem,
361 2425 438 2485 quae
462 2404 555 2485 vulgo
576 2415 645 2464 ante
664 2419 800 2488 oportere
822 2405 976 2485 inseritur,
993 2404 1078 2466 nulla
1101 2409 1223 2467 omnino

134 2512 192 2572 niti
213 2511 402 2574 auctoritate.

226 2640 304 2700 top,
327 2616 357 2681 8.
379 2621 432 2701 qui
450 2616 611 2701 summum]
676 2618 758 2680 Male
781 2618 874 2702 vulgo
893 2621 926 2680 in
947 2620 1091 2681 inseritur
1118 2641 1154 2680 ex
1173 2618 1224 2679 de·

135 2724 298 2785 terioribus
319 2725 419 2798 MSS„
443 2746 504 2806 quo
525 2746 623 2806 neque
643 2736 797 2786 structura
807 2726 891 2812 verbi
904 2725 1084 2799 adscendere
1099 2726 1223 2787 adiuva-

134 2841 186 2892 tur
208 2829 255 2912 (v.
266 2831 297 2891 d.
317 2832 386 2898 Div.
397 2831 424 2908 1,
450 2831 500 2892 28.
516 2831 577 2891 58:
602 2833 758 2893 adversam
771 2835 870 2917 ripam
884 2833 1074 2893 adscendere.
1087 2832 1231 2894 d.A1uic.‘

134 2960 163 2998 c.
185 2939 233 3001 23.
257 2935 318 2998 88:
340 2940 368 2995 si
385 2939 449 3020 qnt's
467 2939 578 2997 coelum
597 2939 792 2999 adscendisset
814 2940 845 3019 (e
873 2939 963 3000 bonis
992 2938 1096 3014 codd.)
1138 2939 1222 2999 Caes.

134 3043 172 3106 B.
194 3046 233 3108 G.
250 3044 276 3122 1,
299 3062 358 3103 nr:
381 3046 482 3123 iugum
502 3043 705 3122 adscendere),
726 3055 757 3104 et
776 3042 906 3104 alterum
921 3047 1095 3126 petruerwtt
1114 3067 1132 3104 e
1152 3045 1222 3126 legi·

134 3149 213 3211 timo
236 3171 291 3210 suo
310 3171 388 3209 nexu
409 3151 547 3231 eripitur,
568 3171 663 3232 quum
682 3151 722 3210 ad
741 3151 943 3212 accusativum
963 3172 1112 3211 summum
1132 3153 1226 3213 locun

135 3268 238 3340 aperte
257 3259 416 3339 pertineat.

116 3399 118 3409 ι
223 3364 293 3441 108,
320 3364 366 3424 15.
388 3365 416 3424 ri
434 3363 621 3424 constitutum
641 3364 697 3442 est]
729 3362 817 3423 Redit
837 3362 876 3423 ad
896 3366 1026 3444 priscam
1051 3366 1226 3446 probatam·

136 3491 197 3552 que
228 3472 410 3552 scripturam
445 3492 464 3530 a
487 3470 637 3531 Lambiuo
669 3470 803 3551 primum
837 3471 974 3531 relictam
1000 3482 1031 3531 ct
1051 3483 1224 3534 tentatam:

136 3577 317 3636 indicativus
337 3579 365 3635 si
383 3611 425 3623 -
445 3591 488 3637 est
508 3577 794 3638 confidentissimum
815 3575 926 3654 horum
960 3577 1124 3641 hominum
1144 3601 1227 3663 spem

137 3684 288 3766 depingit,
299 3705 360 3764 qua
375 3695 532 3762 tamquam
554 3685 666 3745 factum
688 3684 743 3744 sibi
757 3668 947 3766 proponunt,
957 3685 1041 3765 quod
1050 3700 1230 3769 sperant.-

136 3792 208 3855 Mox
238 3789 354 3856 verbus,
382 3792 435 3873 qni
462 3811 528 3850 rem
548 3790 725 3862 iudicarent,
759 3811 820 3850 non
841 3799 911 3850 sunt
931 3789 970 3850 de
989 3803 1073 3852 certo
1094 3796 1227 3876 quodam

136 3896 256 3962 iudicio
277 3894 481 3978 intelligenda,
504 3908 540 3956 ut
560 3895 726 3978 perfectum
746 3896 918 3973 tartaria,
940 3897 1023 3979 quod
1044 3913 1113 3981 post
1134 3905 1225 3962 Lam·

135 4001 244 4090 binum
272 4000 407 4065 orelttus
426 4003 618 4085 existimavit,
627 4001 829 4064 necessarium
841 4001 894 4064 sit:
918 4003 971 4089 sed
990 4005 1069 4068 ordo
1089 3989 1226 4072 iudicum
