2736 4696
297 1151 751 1254 ADNOT-ATIO
783 1159 1108 1255 CRITICA.

583 1447 824 1463 m

246 1762 354 1850 Pago.
377 1766 467 1830 PRO
488 1767 529 1830 Α.
551 1768 781 1832 CLUENTIO
802 1767 996 1852 HABITO]
1018 1769 1246 1851 Habiticogno·

159 1864 235 1927 ¹²¹²ss
253 1872 323 1934 olim
340 1877 373 1935 in
394 1876 536 1937 omnibus
552 1877 735 1940 editionibus
757 1878 821 1938 sine
837 1877 902 1938 ulla
916 1879 1084 1959 suspicione
1097 1874 1245 1958 vulgaba-

154 1962 222 2030 ῑῖ’ῑῖ
267 1979 388 2042 Primus
409 1983 575 2044 Lambinus
593 2005 702 2066 magno
717 1984 838 2046 Cuiacio
855 2005 971 2044 morem
993 1987 1100 2066 gessit,
1125 1985 1178 2065 qui
1207 1983 1246 2044 ad

148 2055 260 2145 paulli
281 2071 314 2148 S}
337 2090 377 2149 R.
403 2087 465 2150 lll.
487 2091 536 2150 tit·
558 2087 595 2169 4.·
608 2089 803 2151 librariorum
837 2111 939 2151 errore
960 2089 1034 2150 illud
1060 2090 1246 2172 ubicumque

146 2185 334 2272 “Ppareren
366 2206 472 2255 natum
491 2217 555 2257 esse
579 2196 754 2275 contendit,
777 2207 808 2257 et
830 2198 1003 2278 antiquam,
1025 2175 1104 2278 quae
1128 2194 1172 2256 illi
1199 2197 1246 2255 vi·
1295 2272 1298 2276 4

141 2273 305 2374 debatur,
328 2300 476 2375 sormam,
503 2302 612 2364 Avitm
636 2325 670 2364 ex
690 2304 869 2366 Florentino
891 2305 1115 2364 Pandectarum
1145 2302 1181 2386 (l.
1195 2304 1246 2385 39.

138 2377 190 2451 D·
224 2405 262 2466 de
281 2408 385 2488 poenis
401 2405 548 2480 XLVIII.
574 2394 638 2492 i9.)
662 2409 767 2469 codice
788 2402 1003 2469 restituendam
1035 2407 1163 2468 censuit.
1185 2409 1246 2468 Sed

137 2505 188 2603 Fe
218 2514 252 2572 iu
275 2513 333 2573 hoc
354 2514 477 2595 quidem
506 2512 602 2588 illud,
628 2516 711 2596 quod
735 2538 754 2575 a
785 2515 935 2575 Lambino
965 2526 1120 2595 receptum
1152 2518 1244 2574 ceteri

135 2612 263 2680 ⁰¹¹1nes
283 2621 362 2680 iusto
382 2619 520 2702 cupidius
540 2622 742 2704 arripuerunt,
763 2621 882 2694 Aradus,
907 2619 1028 2701 legitur,
1051 2619 1104 2681 sed
1126 2618 1243 2697 Abirm,

135 2711 225 2785 ⁸01a
244 2729 428 2809 aspiratIone
442 2726 586 2806 abiecta,
605 2727 687 2810 quod
704 2728 816 2790 'vitium
836 2731 869 2787 in
890 2729 1034 2789 sexcentis
1070 2727 1244 2788 nominibus

135 2819 250 2892 efiam
268 2834 365 2894 bonos
386 2845 416 2895 et
436 2846 568 2896 vetustos
587 2833 680 2895 libros
701 2834 823 2911 insedit,
848 2836 924 2894 sicut
944 2836 976 2893 in
999 2837 1102 2914 paucis
1125 2845 1246 2894 nostro-

138 2934 231 3000 rum
251 2942 281 3007 h.
305 2938 328 3000 l.
352 2951 487 3021 apparet.
528 2938 620 3000 Nobis
641 2940 763 3022 quidem
784 2938 880 2999 multo
900 2940 1005 3016 tutius,
1029 2943 1121 2999 immo
1142 2962 1246 3001 neccs-

140 3043 242 3106 ⁸ario
276 3045 328 3107 illa
366 3032 497 3106 nominis
531 3046 628 3106 forma
660 3045 831 3106 reducenda
857 3044 1041 3122 videbatur,
1071 3067 1163 3126 quam
1193 3069 1246 3126 per
1321 3026 1324 3032 i

142 3138 256 3212 totam
296 3155 463 3213 orationem
495 3150 584 3233 louge
615 3150 754 3232 plerique
785 3134 816 3212 et
846 3154 1094 3231 praestantissimi
1113 3155 1245 3214 *codices

143 3248 322 3333 ‘xhibenh
345 3279 497 3340 quamque
519 3257 717 3336 QuInctiliani
742 3254 813 3316 libri
838 3256 876 3318 ad
900 3278 995 3317 unum
1016 3278 1120 3321 omnes
1149 3260 1245 3340 pluri-

147 3341 223 3422 bus
240 3364 310 3426 locis
332 3357 504 3426 constanter
524 3358 668 3424 tuentur:
690 3364 744 3423 cfr.
765 3362 785 3426 l.
811 3365 867 3439 lv,
889 3385 917 3424 2.
944 3365 989 3426 16.
1010 3364 1042 3447 *l
1065 3367 1104 3442 V,
1132 3388 1178 3426 ro.
1191 3366 1244 3428 68.

153 3453 286 3532 Accedit
305 3473 388 3556 quod
407 3471 485 3533 nibil
506 3474 579 3533 novi
600 3483 654 3532 aut
682 3468 793 3532 insoliti
817 3471 848 3531 in
869 3468 973 3532 Habiti
1001 3477 1124 3545 nomine
1155 3477 1243 3548 inest,

161 3605 492 3645 z„—

233 3712 451 3797 &spaldingius
475 3712 510 3768 ad
535 3715 566 3771 h.
585 3715 605 3768 I.
622 3715 690 3769 haee
708 3714 850 3768 observat:
878 3713 1012 3769 Habitus:
1031 3713 1072 3765 sic
1081 3712 1147 3784 fere
1165 3709 1244 3791 libri,

266 3812 321 3863 nisi
342 3808 418 3886 quod
442 3811 530 3883 Camp.
549 3809 663 3874 Aditus,
687 3808 763 3883 quod
786 3811 900 3881 propius
921 3809 996 3861 abest
1017 3827 1034 3860 a
1052 3808 1194 3879 scriptura
1212 3809 1245 3858 in

267 3905 408 3960 Cr'ceronis
428 3903 504 3957 codd.
523 3903 618 3975 (immo
629 3907 658 3957 in
675 3904 858 3973 editionibus)
874 3903 1011 3955 obtinente
1029 3905 1144 3956 Avitus:
1156 3904 1245 3967 Quin·

175 4024 180 4030 ·
265 4000 393 4051 tilianam
414 3999 500 4053 libros
521 3997 559 4050 od
576 3998 775 4050 Ciceronianus
793 3999 937 4050 immutare
958 3998 989 4048 in
1007 4012 1039 4052 rs
1059 3997 1167 4048 ineerta
1186 3992 1244 4048 non

267 4105 305 4144 m
317 4109 437 4154 ‘necesse
