2736 4696
141 291 213 389 ¹74
407 341 409 345 ,
442 258 446 272 ’
557 260 815 343 1111011111

142 465 209 543 (cfr.
231 487 323 549 supra
343 485 369 527 c.
393 485 441 527 aa.
463 465 523 528 62:
546 468 635 546 1111ιὶ1,
656 464 747 545 nent,
769 462 904 553 tequam,
917 466 1007 532 infra.
1028 482 1055 527 o.
1076 462 1128 527 60.
1153 463 1233 527 1682

135 584 243 655 pater,
261 585 368 655 pater,
392 575 525 656 inquam.
538 593 595 654 pro
617 573 700 633 Mur.
721 594 751 632 c.
775 574 826 656 37.
846 572 910 634 802
931 574 1031 652 cives,
1054 575 1155 652 cives,
1184 575 1233 633 in·

140 701 241 764 quam.
266 700 323 761 pro
351 679 451 742 Flacc.
473 702 501 747 c.
530 702 556 741 1.
582 681 624 742 3:
648 681 704 740 hoc
723 693 870 764 tempore,
892 681 963 756 hoc,
987 683 1134 766 usquam,
1155 692 1235 741 tem-

134 807 222 871 pore.
249 804 306 869 pro
327 788 396 869 Lig.
415 808 444 846 c·
468 784 498 846 5.
533 785 592 848 15:
611 810 670 871 per
688 800 733 862 te,
753 799 877 872 perte,
900 788 1035 872 iuquam.
1057 809 1143 871 cm9.
1166 788 1234 850 282

139 915 259 971 omrees,
284 916 407 970 omnm,
431 894 566 980 inquam.
586 916 644 977 pro
665 895 768 955 Deiot.
790 917 819 955 c.
856 916 904 955 12.
934 892 1109 973 54101111,
1141 897 1236 970 solus,

138 1004 272 1087 iuquam,
292 1025 340 1077 es,
366 1002 401 1062 0.
424 1002 554 1063 Caesar.
569 1002 627 1063 cfr.
653 1004 790 1064 Goerenz
812 1002 851 1062 ad
872 1001 971 1063 Acade
992 1023 1024 1084 p.
1047 1003 1130 1082 141.)
1152 1002 1188 1063 h.
1212 1003 1238 1064 1.

138 1110 264 1193 simplex
294 1111 490 1192 imperativus
510 1124 616 1192 negate
646 1113 714 1173 iure
733 1130 790 1194 pro
808 1113 995 1195 repetitione
1006 1110 1170 1174 habendus
1191 1123 1241 1174 est

77 1295 79 1298 y
138 1217 305 1301 compositi,
332 1218 433 1280 illius:
463 1219 568 1280 audete
599 1239 720 1301 negare.
754 1221 828 1281 Mox
862 1231 965 1281 autem
993 1219 1108 1281 verba:
1143 1223 1178 1282 in
1197 1244 1234 1282 eo

139 1328 205 1388 loco
233 1327 318 1388 haud
352 1325 506 1410 tangenda
525 1327 711 1389 videbantur
738 1339 863 1411 propter
889 1328 989 1390 levem
1012 1327 1237 1390 nonnullorum

85 1432 90 1441 ’
137 1433 290 1495 librorum
315 1435 511 1497 varietatem:
534 1457 607 1497 nam
628 1417 798 1500 Manutius
814 1438 929 1520 optime
958 1458 993 1498 ea
1019 1438 1239 1520 interpretatus

138 1550 204 1602 est:
226 1541 259 1602 in
280 1539 428 1602 subselliis
449 1553 682 1621 accusatorum,
707 1545 740 1605 in
760 1543 872 1626 quihus
892 1542 1106 1626 interpellandi
1128 1537 1237 1607 1111111-Ι

137 1653 213 1712 soris
237 1658 419 1733 potestatem
450 1670 506 1710 suo
535 1653 602 1710 iure
630 1654 694 1711 non
714 1649 879 1713 habebant.
909 1649 990 1733 Apte
1012 1651 1094 1712 idem
1114 1653 1237 1714 confert

137 1755 268 1818 similem
287 1754 389 1814 locum
410 1775 466 1835 pro
486 1757 576 1822 Rosc.
597 1756 668 1819 Am.
691 1776 799 1839 1117.
822 1758 880 1840 73:
905 1757 957 1817 Ita
977 1779 1092 1842 quaero
1120 1760 1233 1838 abste,

139 1866 174 1925 0.
198 1865 305 1939 Eruci,
328 1865 501 1949 qteomodo?
520 1867 609 1926 etsie
630 1879 725 1927 tecum
746 1888 863 1947 agam,
885 1879 919 1926 ut
947 1867 986 1926 in
1006 1888 1047 1927 eo
1066 1868 1164 1929 loco
1187 1868 1237 1927 vel

137 1971 337 2056 respondendi
355 1971 407 2031 uel
426 1971 642 2055 interpellandi
660 1972 714 2034 tibi
730 1984 903 2057 potestatem
911 1972 1049 2051 faciam,
1071 1974 1124 2033 vel
1143 1975 1233 2034 etiam

138 2083 166 2143 si
184 2081 261 2166 quid
278 2081 386 2160 voles,
416 2080 634 2162 interrogandi.
690 2081 764 2142 Vid.
778 2102 901 2163 quoque
923 2079 1003 2140 infra
1023 2102 1051 2142 ct
1075 2079 1129 2143 60.
1155 2080 1230 2143 168:

135 2198 231 2273 pater
248 2181 331 2248 itlius
351 2187 566 2266 adolescentes,
588 2202 676 2272 quem
692 2201 818 2272 propter
839 2189 941 2250 animi
968 2186 1104 2248 dolorem
1132 2204 1230 2273 perte-1

137 2299 203 2358 uuis
222 2297 349 2381 suspicio
367 2297 510 2380 potuisset
529 2317 584 2355 ex
604 2296 692 2355 illo
710 2297 805 2356 loco
825 2307 922 2354 testem
943 2297 976 2357 in
1000 2295 1041 2362 A.
1065 2298 1230 2359 Cluentium

136 2405 326 2465 comtimere:
348 2404 402 2463 ubi
424 2424 583 2486 perperam
596 2403 753 2465 Ernestius
762 2401 857 2486 Sylvii
879 2404 1085 2466 coniecturam
1104 2428 1149 2467 ex
1178 2407 1229 2466 illo

135 2513 214 2573 luctu
243 2511 403 2596 probavit:
438 2533 542 2572 sensus
566 2522 630 2573 est:
668 2513 714 2589 is,
763 2532 855 2593 quem
886 2533 969 2573 nunc
996 2515 1029 2572 in
1057 2515 1228 2577 defensione

135 2631 245 2683 testem
268 2642 303 2681 ex
324 2630 429 2680 nostra
449 2627 535 2698 parte
557 2615 773 2699 producimus,
796 2614 952 2697 facillime,
973 2620 1000 2678 si
1023 2619 1088 2681 ulla
1113 2621 1228 2682 sceleris

135 2732 268 2812 suspicio
287 2729 403 2804 fuisset,
439 2748 474 2788 ex
503 2735 711 2787 accusatorum
744 2724 893 2787 subselliis
930 2747 1052 2808 surgere
1073 2733 1227 2810 potuisset}

136 2838 209 2899 add.
247 2859 274 2900 c.
307 2858 354 2920 ¹9·
381 2833 446 2916 541
483 2836 538 2896 hoc
565 2837 629 2918 ipso
656 2836 689 2895 in
723 2835 812 2909 loco,
852 2836 941 2919 quasi
965 2856 1032 2895 retes
1062 2838 1128 2920 ipse
1149 2850 1241 2929 esset,¹

136 2947 263 3008 sedebat.

219 3053 285 3138 47,
313 3075 341 3114 1.
362 3053 441 3114 datis
460 3048 639 3132 muneribus]
682 3050 732 3111 Sic
752 3050 890 3113 dedimus
910 3074 945 3114 cx
966 3053 1088 3135 optimis
1109 3057 1226 3117 nostrist

135 3161 229 3246 vulgo
258 3149 446 3244 legebature'
466 3159 553 3219 donis
585 3158 666 3217 datis
695 3159 936 3244 muneribmqroer
965 3161 1049 3243 quod
1082 3163 1228 3224 Graevius

137 3269 254 3352 quique
281 3290 352 3329 eum
376 3265 497 3349 sequuti
525 3274 619 3340 sunt,
646 3263 752 3325 relicto
777 3265 948 3345 Lamhiuo,
969 3269 1021 3349 qui
1044 3267 1154 3330 melius
1173 3267 1228 3330 sala

136 3389 200 3441 tem
232 3378 319 3438 donis
349 3375 430 3436 datis
454 3373 675 3448 coniunxerat,
697 3373 740 3433 sic
770 3372 994 3461 distinxerunt:
1024 3375 1124 3452 donis,
1154 3378 1227 3437 datis

135 3488 380 3569 enumeribueque,
407 3482 495 3564 quasi
528 3479 589 3540 duo
620 3502 790 3564 synonyma
822 3483 960 3542 nondum
988 3484 1061 3544 satis
1081 3498 1227 3568 superque

137 3589 456 3670 sufficerent,tertium
471 3586 610 3646 Ciceroni
632 3587 848 3648 obtrudentes:
872 3590 925 3650 sed
945 3589 997 3652 ille
1017 3612 1058 3652 ne
1078 3591 1142 3651 duo
1164 3593 1226 3675 quid

138 3701 209 3762 dem
240 3697 352 3782 posuit,
391 3695 444 3758 sed
480 3693 566 3755 haud
598 3691 691 3764 dubie
721 3690 822 3765 illud,
846 3694 929 3775 quod
949 3717 1032 3758 nuuc
1057 3701 1226 3762 restitutum

136 3816 203 3866 cst:
226 3804 306 3865 datz's
325 3801 494 3864 muneribus
501 3821 513 3876 ,·
531 3800 564 3858 in
585 3818 646 3881 quo
667 3796 796 3874 librarii,
820 3802 874 3881 qui
903 3801 1006 3863 neseio
1034 3823 1099 3888 quo
1130 3790 1227 3868 errore

135 3913 215 3974 datis
235 3931 293 3993 pro
322 3908 514 3970 substantivo
541 3906 696 3968 habebant
707 3949 718 3981 ,
748 3903 896 3966 rariorem
917 3907 1003 3968 verbi
1025 3931 1140 3989 usum,
1175 3913 1224 3973 ad*

136 4022 249 4102 scripto
283 4017 344 4079 alio
380 4017 504 4077 nomine
540 4012 656 4091 donis,
694 4011 925 4095 explicuerunt,
958 4015 1041 4080 uude
1063 4019 1115 4082 elii
1139 4042 1224 4083 mon⁴

136 4138 233 4188 strum
254 4125 331 4189 illud
354 4121 713 4207 111111111111111111111111.ι
