2736 4696
280 1044 282 1050 ’
381 1092 900 1192 PRAEFATIO.

521 1384 791 1401 m

102 1736 163 1850 Α.
185 1779 319 1844 Cluentii
341 1781 476 1846 defensio
491 1785 556 1847 inre
569 1786 648 1847 inter
667 1779 937 1868 praestantissimas
952 1777 1109 1840 Ciceronis
1127 1798 1198 1839 ora-

100 1914 203 1976 tiones
222 1914 363 1978 habenda
388 1928 450 1979 est:
476 1939 548 1979 nam
570 1921 602 1979 in
623 1920 691 2001 ipso
719 1915 824 1978 aetatis
846 1926 875 1976 et
894 1914 1007 1976 virium
1027 1910 1102 1972 ssore
1122 1932 1199 1972 con-

102 2045 233 2126 spicitur
252 2067 388 2108 summus
413 2058 536 2127 oraton,
566 2068 662 2131 quum
694 2067 816 2116 causam
850 2065 997 2128 perquam
1023 2043 1200 2125 impeditam

101 2184 136 2236 et
157 2184 329 2238 contortam
350 2178 521 2240 admirabili
549 2180 661 2262 ingenii
689 2181 737 2240 sui
765 2177 907 2239 felicitate
938 2174 1025 2236 facile
1053 2176 1197 2258 explicet,

104 2317 138 2368 et
157 2305 258 2370 varios
278 2306 361 2371 locos
382 2312 461 2373 inter
481 2332 513 2373 se
534 2311 752 2376 diversissimos
767 2311 884 2393 egregia
897 2308 1070 2391 diligentiae
1084 2331 1197 2392 aequa-

86 2435 193 2529 'litate
211 2451 428 2525 persequatur,
447 2452 477 2504 et
498 2455 650 2526 susceptas
670 2443 791 2526 patroni
812 2444 908 2524 partis
936 2440 1085 2502 indefesso
1106 2442 1199 2501 animi

105 2569 214 2652 vigore
245 2580 368 2632 strenue
393 2571 508 2655 ubique
537 2582 694 2634 sustentet.
749 2570 876 2632 Accedit
904 2573 987 2654 quod
1017 2595 1073 2656 per
1104 2585 1201 2634 totam

107 2703 280 2787 orationem
299 2705 456 2764 verissima
486 2709 567 2767 vitae
583 2717 613 2767 et
639 2725 761 2767 morum
781 2706 880 2788 imago
908 2707 1111 2787 proponitur,
1141 2726 1203 2787 qua

109 2821 288 2894 insanabilis
308 2831 446 2912 morbus,
467 2854 530 2914 quo
558 2843 625 2916 post
644 2833 769 2916 Syllana
788 2843 926 2916 tempora
953 2833 1117 2914 imperium
1139 2835 1202 2893 Ro·

110 2985 237 3026 manum
257 2929 416 3026 manifesto
439 2962 607 3042 laborabat,
633 2962 728 3024 oculis
753 2965 865 3026 nostris
894 2963 1054 3047 detegitur.
1100 2965 1208 3042 Quare¹

113 3099 169 3159 etsi
191 3095 297 3159 Cicero
324 3101 390 3181 ipse
420 3094 517 3182 (quod
536 3096 620 3158 baud
643 3108 767 3181 gravate
788 3095 996 3177 Quinctiliano
1017 3099 1086 3158 testi
1108 3096 1135 3158 l.
1159 3086 1203 3157 O.

42 3283 46 3289 .
116 3229 166 3308 ll,
196 3253 243 3316 ¹7·
264 3228 432 3316 credimus)
451 3229 591 3292 tenebras
611 3252 644 3292 se
663 3229 815 3291 iudicibus
835 3231 868 3288 in
891 3227 948 3287 hac
963 3226 1094 3288 Cluentii
1116 3249 1207 3288 causa

117 3363 270 3426 obfirdisse
288 3363 434 3448 gloriatus
455 3365 511 3439 sit,
535 3372 594 3423 stat
620 3372 722 3423 tamen
743 3382 815 3422 suus
845 3357 1049 3420 nobilissimae
1076 3357 1207 3424 orationi

118 3495 234 3578 bonor,
264 3496 422 3580 nobisque
452 3497 650 3557 imminutum
678 3503 781 3555 manet
810 3490 943 3554 officium
969 3500 1034 3550 tam
1062 3487 1209 3571 praeclari

120 3610 308 3711 eloquentiae
328 3626 518 3689 monumenti
539 3625 738 3688 conservandi
763 3636 812 3703 et,
833 3626 860 3685 si
878 3624 944 3684 lieri
965 3621 1081 3705 possit,
1117 3642 1208 3703 expo-

121 3755 213 3819 liendi
231 3734 267 3820 ¹et
287 3756 479 3820 emendandi.
531 3757 625 3818 Cuius
656 3754 746 3817 officii
767 3766 863 3838 quum
885 3754 1017 3836 aliquam
1036 3763 1153 3834 partem
1182 3761 1212 3812 et
1250 3743 1254 3751 ’

123 3888 197 3950 mibi
218 3887 362 3972 obtigisse
382 3888 496 3965 laeter,
528 3887 619 3949 buius
639 3908 748 3971 operae
768 3907 890 3949 cansam
910 3897 939 3947 et
960 3884 1119 3947 consilium
1141 3883 1211 3945 bre·

104 4023 200 4085 'riter
222 4043 384 4109 exponam.
