2736 4696
215 244 286 376 ,30
674 278 835 352 onorio
865 382 887 397 ψ

212 496 299 589 post
322 474 482 582 aliquod
506 473 655 555 dictum
679 473 889 580 adiungere
913 473 961 552 de
984 502 1152 570 veneno,
1188 470 1304 581 quod

212 631 292 681 non
317 600 634 709 percunctatione
657 598 885 703 quaesitum,
894 598 960 676 sed
985 598 1117 678 dolore
1141 625 1303 706 expres·

209 751 295 803 sum
319 722 525 802 rideretur.
553 722 736 822 Quaestio
761 719 809 797 de
833 721 939 800 furto
964 743 1031 816 est,
1057 725 1198 801 veneni
1220 724 1302 800 iam

208 849 373 958 suspicio
388 848 583 956 superiore
601 844 826 951 quaestione
846 846 1016 943 sublata3
1039 845 1147 953 quod
1168 847 1302 953 ipsum

207 974 304 1052 haec
326 971 459 1050 cadem
483 971 626 1050 mulier
649 968 857 1048 iudicarat:
882 997 985 1075 quae
1008 990 1055 1049 ut
1077 975 1223 1048 Romae
1247 967 1320 1055 des

208 1076 421 1176 amicorum
444 1096 632 1173 sententia
655 1113 841 1173 statuerat
863 1095 951 1172 satis
969 1119 1045 1171 esse
1062 1092 1298 1199 quaesitum,

207 1238 338 1326 postea
370 1245 440 1327 per
476 1218 691 1296 triennium
721 1217 885 1296 maxime
909 1243 955 1294 ex
979 1218 1159 1295 omnibus
1182 1215 1302 1295 servis

187 1345 425 1421 'Stratonem
456 1340 571 1418 illum
606 1342 814 1434 dilexerat,
853 1343 897 1419 in
921 1341 1069 1419 honore
1093 1340 1302 1436 habuerat,

137 1489 195 1555 135
210 1465 419 1544 commodis
451 1465 631 1543 omnibus
667 1469 855 1544 affecerat.
894 1556 897 1563 ¹
924 1466 1060 1565 Quum
1094 1465 1218 1568 igitur
1251 1464 1303 1541 de

206 1588 313 1666 furto
331 1607 626 1693 quaereretur,
660 1608 701 1667 et
733 1615 779 1668 eo
812 1590 936 1681 furto,
970 1585 1079 1693 quod
1111 1586 1180 1665 ille
1213 1586 1340 1665 sinew

206 1714 465 1791 controversia
489 1715 650 1790 fecerat:
664 1732 761 1791 tum
786 1713 854 1790 ille
879 1712 1016 1803 decc,
1041 1709 1149 1817 quod
1181 1738 1302 1816 quae·

206 1834 388 1927 rebatur,
412 1838 576 1914 verbum
600 1837 759 1913 nullum
782 1835 896 1913 fecit?
918 1838 979 1912 Dc
1002 1861 1149 1912 veneno
1168 1835 1303 1912 statim

206 1956 329 2034 dixit?
357 1959 406 2035 de
429 1959 560 2050 furto,
591 1959 623 2036 si
649 1986 731 2036 non
755 1985 800 2036 eo
825 1963 932 2050 loco,
960 1986 1040 2062 quo
1065 1953 1222 2049 debuit,
1250 1982 1304 2035 ne

207 2081 251 2156 in
284 2099 450 2157 extrema
484 2080 645 2185 quidem
674 2098 745 2158 aut
767 2082 915 2171 media,
939 2099 1009 2158 aut
1033 2081 1165 2186 aliqua
1191 2079 1304 2158 deni-

130 2229 183 2310 00
206 2229 284 2309 que
308 2223 418 2310 parte
441 2203 677 2299 quaestionis
702 2205 869 2282 verbum
893 2206 986 2282 secit
1008 2198 1166 2281 ullum?
1214 2207 1345 2280 Ianus

204 2326 362 2419 ridetis,
389 2326 499 2402 illam
523 2325 712 2402 nefariam
736 2328 958 2418 mulierem,
984 2325 1140 2416 iudices,
1164 2324 1303 2403 eadem

205 2475 336 2541 manu,
374 2475 466 2552 qua,
496 2449 529 2525 si
563 2447 686 2526 detur
714 2464 886 2555 potestas,
921 2450 1137 2527 interficere
1169 2449 1303 2528 filium

206 2572 354 2679 cupiat,
401 2570 504 2648 hanc
549 2572 679 2650 fictam
722 2575 985 2678 quaestionem
1024 2570 1304 2679 conscripsisse.

206 2698 335 2798 Atque
361 2693 472 2771 istam
488 2693 611 2800 ipsam
634 2695 909 2799 quaestionem,
934 2692 1061 2792 dicite,
1085 2694 1175 2800 quie
1197 2696 1303 2775 obsi-

206 2815 346 2919 gnarit.
396 2817 528 2890 Unum
553 2817 726 2920 aliquem
750 2818 958 2894 nominate.
1007 2816 1213 2894 Neminem
1241 2842 1347 2897 re-ro

206 2935 376 3038 perietis,
401 2935 476 3013 nisi
501 2937 601 3013 forte
625 2937 814 3017 eiusmodi
837 2939 1052 3024 hominem,
1084 2963 1204 3041 quem
1229 2963 1303 3044 ego

139 3091 197 3156 ,35
207 3055 373 3160 proferri
398 3059 544 3148 malim,
569 3087 690 3163 quam
712 3061 908 3137 neminem
932 3061 1138 3138 nominari.
1186 3061 1304 3162 Quid

208 3177 273 3280 ais,
297 3180 342 3253 T.
366 3178 483 3256 Accii
529 3183 592 3256 Tu
616 3181 837 3287 periculum
861 3183 1015 3288 capitis,
1033 3200 1079 3258 tu
1103 3181 1302 3266 iudicium

207 3299 366 3392 sceleris,
388 3319 438 3378 tu
461 3302 637 3379 fortunas
660 3302 819 3391 alterius
843 3303 980 3381 litteris
1004 3306 1241 3414 conscriptas
1254 3308 1303 3391 in

295 3459 460 3546 r.'aliquid
479 3461 643 3545 adiungere
663 3434 778 3527 dictum
877 3466 910 3545 4.
930 3468 1098 3549 suspicione
1182 3469 1226 3534 -5,
1250 3473 1302 3536 in-

198 3544 200 3549 ’
290 3543 406 3608 dicarat
493 3546 541 3627 14.
562 3557 617 3608 aut
646 3545 678 3608 in
702 3545 806 3633 aliqua
892 3570 939 3635 19.
964 3549 1138 3636 obsignavit
1247 3549 1248 3552 '

205 3694 215 3726 s
282 3690 439 3773 „aliquod
465 3692 569 3746 dictum
592 3693 817 3781 adiungerefl
892 3696 1083 3784 aliquidadi.
1111 3701 1220 3758 dictum
1245 3704 1302 3760 Ro

209 3758 1187 3910 ts‘tti‘utt,11statut„:staats-
1209 3871 1211 3875 γ
1234 3792 1300 3917 u:

210 3909 259 3956 tut
277 3901 441 3974 aliquant
493 3906 588 3957 autin
607 3906 712 3962 abdo
817 3909 855 3962 ιὸ.
874 3910 979 3961 nulium
999 3911 1042 3981 λμ
1084 3936 1086 3941 ·
1150 3917 1189 3970 td.
1208 3933 1300 3991 quna-

210 3972 451 4040 ttionemn-ipsam
470 3990 519 4027 om.
540 3973 588 4050 Bq
646 3995 685 4045 ¹9·
694 3975 844 4047 obsignarit
861 3981 896 4031 Π
910 3994 1021 4051 practer
1030 3979 1202 4054 qufdtt
1218 3988 1298 4043 obsi·

210 4042 393 4113 quavitvulg·
460 4061 502 4098 ao.
519 4047 682 4103 nominatim
699 4049 750 4102 AB
784 4048 945 4101 nominato
975 4062 1081 4104 rstuv
1108 4076 1111 4081 ·
1182 4072 1226 4114 ῃ.
1244 4073 1298 4111 ιι·

209 4109 323 4187 minem]
343 4111 485 4170 homiuem
505 4133 524 4181 ᾳ
626 4119 670 4175 23.
688 4116 823 4174 iudicium
843 4070 1139 4192 bodefghimute
