2736 4696
593 239 771 303 carrica.
1159 249 1226 348 15,

139 422 324 485 editionibus
345 424 405 485 iam
426 421 558 488 enabat.
599 421 644 485 At
663 427 730 487 iure
751 426 920 506 quaeritur,
931 424 1013 485 unde
1043 434 1107 486 tarn
1136 444 1230 509 grave

139 532 253 593 vitium
273 544 376 594 ortum
387 533 438 610 sit,
453 544 483 595 et
490 534 610 615 penitus
629 532 773 597 insederit
793 535 825 594 in
845 531 931 594 libris
952 532 1114 616 plerisque.
1130 532 1231 594 Causa

137 640 171 702 in
193 639 352 701 manifesto
373 650 436 701 est:
459 663 532 701 nam
554 644 699 722 genuina,
722 662 815 723 quam
837 662 918 701 nunc
939 642 1141 722 reposuimus,
1155 641 1231 701 scri·

137 759 228 831 ptura
257 761 361 831 aperte
393 771 464 812 cum
493 749 529 810 iis
548 771 683 833 pugnare
703 750 881 827 videbatur,
903 771 982 831 quae
1002 771 1031 808 o.
1062 771 1109 832 ¹7·
1128 745 1181 830 49.
1201 758 1232 808 et

145 876 194 940 ¹9·
211 855 263 918 53.
278 868 458 919 narrantur:
484 858 631 918 Cluentuts
645 859 780 943 primum
803 876 908 917 nomen
927 859 988 917 eins
1009 857 1127 934 detulit,
1149 857 1232 917 euius

139 963 173 1023 in
197 966 333 1025 manibus
364 986 511 1026 venenum
545 965 799 1050 deprehenderat,
839 976 887 1024 et:
916 963 1134 1024 Scamandrum
1165 985 1231 1024 cnm

139 1092 253 1132 veneno
269 1074 453 1154 permisitque
472 1072 688 1156 deprehensum
707 1093 769 1132 esse
788 1071 914 1132 dicebat.
939 1071 982 1132 At
1001 1067 1078 1130 nibil
1090 1090 1227 1132 moveor.

141 1176 277 1238 Multum
296 1177 405 1253 refert,
428 1180 601 1259 primamne
622 1198 670 1239 res
686 1176 788 1260 aliqua
809 1187 948 1237 accurate
969 1188 1156 1258 exponatur,
1190 1199 1231 1239 an

141 1285 301 1366 postmodo
321 1287 353 1345 in
374 1288 519 1347 orationis
540 1307 630 1346 cursu
656 1284 762 1347 leviter
784 1295 938 1366 tangatur.
979 1287 1039 1346 Res
1057 1285 1141 1347 haud
1171 1285 1231 1346 du-

142 1389 191 1453 bie
209 1394 253 1454 sic
274 1394 455 1476 gerebatur:
478 1416 573 1479 quum
594 1395 627 1455 in
652 1415 688 1455 eo
709 1404 774 1454 erat
791 1392 991 1468 Scamander,
1014 1405 1050 1454 ut
1071 1397 1232 1476 pecuniam

139 1500 292 1575 traderet,
314 1523 466 1563 venenum
486 1503 675 1584 acciperet,a
697 1501 964 1584 prorumpentibus
984 1503 1112 1562 testibus
1123 1502 1232 1584 depre-
1273 1546 1277 1560 ,

141 1609 251 1672 hensus
283 1623 348 1674 est:
380 1623 410 1673 et
437 1610 496 1673 hoc
525 1612 648 1693 quidem
676 1613 764 1674 initio
789 1612 899 1672 diserte
916 1620 1079 1686 narratur:
1103 1610 1156 1670 sed
1176 1610 1232 1670 ubi

141 1719 297 1780 manifesta
322 1719 411 1802 culpa
441 1743 504 1780 uno
531 1720 626 1782 verbo
654 1719 981 1803 complectendaerat,
1001 1716 1078 1779 nihil
1100 1719 1224 1792 mirum,

142 1827 320 1888 Ciceronem
342 1829 468 1888 artificio
484 1828 619 1889 oratorio
642 1828 767 1892 dixisse:
791 1831 823 1908 in
843 1829 924 1886 cedias
942 1827 1076 1886 menidam
1088 1847 1232 1886 verrentem

142 1922 354 2020 deprehensum
392 1949 484 1996 erat:
523 1957 594 1997 nam
634 1938 763 2018 pecunia
802 1938 910 1997 veneni
941 1936 1043 1996 locum
1062 1933 1231 1997 obtinebat.

140 2042 258 2104 Eodem
269 2046 335 2104 iure
350 2045 441 2103 etiam
455 2043 564 2104 deinde
576 2047 674 2126 potuit
686 2043 884 2105 contendere:
907 2045 1035 2105 Baebius
1049 2045 1141 2119 dixit,
1154 2045 1231 2105 Sca-

140 2152 299 2212 mandrum
326 2173 392 2211 cunr
424 2173 537 2212 veneno
565 2155 751 2237 pecuniaque
786 2152 1000 2237 deprehensum
1030 2174 1101 2213 esse.
1150 2152 1231 2214 Nam

99 2318 100 2324 ,
140 2260 320 2341 praepositio
339 2278 408 2319 cunr
429 2259 569 2320 latiorem
586 2279 708 2319 sensum
728 2258 876 2337 admittit,
897 2269 933 2319 ut
954 2280 1015 2319 non
1038 2260 1068 2319 iu
1091 2260 1232 2322 manibus

140 2366 239 2430 liberti
269 2379 433 2449 utrumque
463 2369 624 2429 inventum
651 2390 715 2429 esse
735 2367 931 2452 intelligatur.
976 2369 1036 2430 Sed
1065 2391 1234 2452 numquam

140 2473 197 2535 dici
219 2478 329 2556 potuit,
342 2474 455 2536 nedum
477 2475 510 2535 in
531 2478 597 2556 ipsa
616 2475 690 2536 facti
711 2477 913 2557 expositione:
936 2498 1080 2538 venenum
1101 2492 1130 2538 et
1147 2499 1234 2562 pecu·

140 2584 225 2644 teiam
255 2584 289 2643 in
317 2584 380 2643 eius
409 2583 544 2642 nranibns
570 2583 781 2667 deprehensum
803 2607 873 2644 esse.
899 2618 939 2630 -
968 2587 1040 2643 Mox
1059 2586 1096 2644 ob
1116 2607 1173 2666 pro
1192 2585 1239 2644 ad

140 2690 279 2752 dedimus
299 2713 334 2752 ex
356 2691 498 2753 omnibus
519 2692 582 2751 sere
604 2690 694 2751 codd.
726 2690 862 2752 Orellius
882 2690 916 2751 h.
938 2691 963 2752 l.
989 2690 1177 2773 negligenter
1199 2712 1236 2751 ex

141 2799 366 2860 Oxoniensibus
400 2797 479 2858 nihil
510 2798 665 2858 varietatis
696 2796 872 2857 adnotavit:
903 2797 994 2857 huius
1022 2819 1145 2879 quoque
1166 2819 1235 2873 corf

138 2904 276 2989 ruptelae
296 2906 375 2966 idem
398 2906 476 2982 fons,
498 2908 551 2989 qui
574 2907 756 2988 superioris:
782 2927 854 2966 sane
875 2906 967 2983 euim,
975 2906 1000 2966 si
1021 2903 1150 2966 verbum
1159 2925 1237 2965 corn·

135 3029 270 3098 paratur
290 3035 353 3076 uon
368 3027 585 3098 praecesserat,
607 3018 757 3098 scriptura
775 3016 812 3078 ob
831 3037 898 3078 eam
918 3037 981 3076 rem
1000 3015 1034 3076 h.
1064 3036 1093 3076 e.
1125 3016 1236 3076 veneni

138 3123 335 3202 comparandi
369 3144 485 3200 eausa,
513 3123 587 3182 ferri
617 3144 680 3182 non
700 3126 810 3204 potuit.
838 3156 877 3169 -
920 3122 1061 3204 Denique
1092 3121 1235 3203 copulam
1270 3174 1272 3179 .

140 3249 195 3313 que
218 3227 310 3308 vulgo
333 3230 450 3288 nomini
474 3229 604 3313 pecnnia
624 3228 772 3290 adnexam
795 3251 865 3289 cum
887 3230 1008 3310 optimis
1036 3229 1122 3290 libris
1156 3231 1236 3288 omi·

138 3333 256 3408 simus,
279 3350 341 3410 quo
366 3331 445 3392 lacto
467 3335 597 3413 protasis
619 3333 689 3395 illa:
713 3336 800 3394 multi
815 3369 841 3380 -
859 3335 1110 3413 intervenissent,
1138 3337 1236 3397 multo

137 3441 238 3521 aptius
271 3437 311 3497 ad
330 3440 499 3521 ¹mequeotia
527 3440 672 3522 refertur,
698 3453 735 3523 ¹et
764 3453 829 3503 tota
851 3445 999 3503 sententia
1021 3447 1055 3503 iu
1076 3444 1237 3525 pristinam

135 3570 222 3622 suam
243 3548 373 3608 sormam
393 3548 533 3607 restituta
552 3556 610 3607 est.

224 3656 285 3738 35,
319 3679 349 3717 2.
379 3678 469 3717 unum
502 3651 630 3737 crimen]
689 3655 780 3734 Quod
802 3657 834 3715 in
856 3654 1009 3739 plerisque
1032 3656 1103 3717 edd.
1128 3656 1236 3718 iudea

136 3766 261 3827 Iuntina
283 3763 446 3846 vulgatur:
468 3786 574 3825 verrem
594 3764 727 3837 crimen,
750 3761 835 3825 nulla
856 3765 982 3824 omnino
1011 3764 1151 3824 codicum
1181 3786 1236 3825 au·

138 3876 278 3933 ctoritate
311 3873 438 3947 nititur,
469 3873 522 3934 sed
552 3874 653 3934 nescio
690 3875 997 3939 cuius,coniectu1·ae
1028 3874 1180 3935 debetur:
1204 3884 1236 3934 at

140 3981 216 4043 nihil
238 3983 389 4044 ieiunius:
415 4005 487 4046 nam
511 3983 564 4046 ubi
586 3982 720 4065 aliquam
742 3984 836 4046 huius
855 4006 963 4045 causae
984 3984 1144 4066 propriam
1179 3979 1236 4041 de·

141 4089 333 4176 scriptionem
355 4100 572 4173 exspectamus,
594 4088 671 4150 nibil
692 4088 776 4152 aliud
797 4090 960 4169 diceretur,
984 4111 1076 4173 quam
1096 4088 1179 4171 quod
1203 4089 1237 4149 io
