2736 4696
146 271 213 352 158
570 272 825 340 ADNOTATIO

140 451 272 535 aliquam
292 456 449 517 continet:
472 454 549 517 nihil
566 456 627 517 tale
649 458 688 518 ad
708 460 859 521 iucundius
879 468 975 541 potest
988 458 1126 544 cogitari.
1153 456 1225 538 op-

139 563 277 643 pianicus
309 564 410 646 potins
439 583 550 624 novam
572 576 603 626 et
622 565 787 626 inauditam
808 569 889 628 viam
909 570 1101 651 ingressusa
1132 568 1226 629 oaesle

138 667 306 731 liberorum
325 681 450 754 propter
467 674 626 754 pecuniam
647 693 708 737 noo
724 673 926 751 abhorrebat,
957 676 1011 736 sed
1031 664 1100 737 eam
1120 679 1226 739 iucun-

138 776 216 837 dam
242 798 303 837 esse
334 777 438 839 duxit:
469 776 545 838 nihil
575 778 668 839 facila
696 783 836 862 reperies,
862 801 926 864 quo
944 786 1231 865 comparativum&

137 895 282 966 ponatur,
304 885 463 946 commode
478 885 633 946 inflat.

227 1014 275 1078 ¹7·
307 1015 394 1079 quem
421 1014 520 1054 omnes
546 992 681 1076 oderant]
702 1016 803 1055 omnes
833 1017 870 1057 ex
900 999 1022 1081 optimis
1043 1001 1134 1064 tiss.
1160 1002 1219 1064 ad-

137 1102 237 1163 ditum
267 1113 417 1184 quantum
443 1102 483 1163 ad
512 1103 680 1184 aagendam
711 1105 875 1164 sententiae
911 1107 1091 1186 gravitatem
1121 1109 1225 1189 faciat,

137 1214 251 1292 optime
272 1209 459 1293 intelligitur,
482 1213 507 1271 si
528 1213 595 1291 quis
609 1210 727 1292 singula
748 1211 838 1281 huius
858 1216 1056 1295 oppositionis
1075 1209 1226 1280 ‘accurate

137 1321 292 1379 institutae
312 1318 448 1378 membra
473 1328 694 1401 persequatur:
727 1320 872 1400 quicquid
901 1323 981 1381 enim
1015 1323 1225 1403 inpraesenti

137 1427 249 1488 iudicio
269 1426 369 1488 locum
390 1447 452 1486 non
474 1425 585 1499 hahet,
610 1426 641 1487 id
663 1448 752 1486 omne
781 1430 812 1486 in
840 1429 969 1489 Iuniano
996 1428 1109 1492 iudicio
1131 1453 1226 1514 quam

137 1539 266 1596 maxime
298 1531 440 1611 adfuisse,
462 1534 571 1614 insigni
593 1533 724 1614 quadam
744 1536 775 1595 vi
795 1536 975 1595 ostenditur.
1019 1537 1134 1598 Omnia
1166 1542 1225 1622 igi-

135 1652 188 1702 tur
207 1643 239 1701 in
260 1638 354 1701 altera
374 1649 459 1721 parte
479 1638 679 1698 intenduntur
698 1650 729 1697 et
753 1638 992 1720 amplificantur:
1021 1666 1117 1727 quum
1151 1646 1225 1710 hino

135 1748 274 1809 dicatur:
297 1749 330 1807 in
358 1766 445 1831 quem
468 1745 579 1804 indices
598 1765 657 1804 non
684 1746 763 1818 estis,
787 1746 870 1806 illinc
891 1751 1079 1830 opponitur:
1101 1753 1142 1814 de
1165 1777 1224 1840 quo

136 1859 233 1919 iurati
254 1858 411 1916 sententias
422 1856 513 1933 ferre
529 1853 694 1931 debebant,
709 1874 804 1934 quum
825 1853 916 1917 hinc:
943 1881 1029 1942 quem
1051 1879 1112 1920 non
1136 1863 1225 1923 oide-

136 1969 195 2042 τῖες
218 1962 318 2025 illinc:
339 1964 420 2023 caim
435 1962 608 2046 praesentis
630 1962 778 2039 ncfizrtitm
800 1977 830 2023 et
852 1967 1084 2028 consceleratum
1107 1971 1225 2033 uulmm

137 2070 342 2132 tnaoebantur:
372 2068 414 2128 sic
442 2066 535 2148 igitur
564 2063 661 2125 illud:
682 2087 771 2148 quem
790 2067 886 2128 odisse
901 2091 961 2131 non
990 2075 1113 2156 potestis
1138 2075 1172 2136 h.
1194 2099 1224 2140 e.

75 2231 78 2243 ,
137 2197 230 2260 quem
258 2195 348 2236 nemo
379 2174 462 2254 adit,
483 2171 561 2234 nihil
585 2173 684 2254 aptius
704 2172 797 2235 habet
817 2178 1000 2258 oppositum,
1023 2201 1117 2262 msam
1138 2183 1220 2252 hoca

93 2294 102 2311 ·
135 2284 219 2372 ¹quem
235 2303 336 2346 omnes
352 2281 489 2346 oderant.

223 2411 276 2469 aa,
301 2391 332 2451 3.
351 2389 501 2473 propiora
515 2387 604 2447 unice
617 2408 724 2448 verum
744 2387 867 2465 videtur
886 2391 919 2452 in
939 2414 1049 2476 magna
1070 2395 1222 2464 librorum

137 2498 359 2581 discrepantia:
382 2495 473 2557 modo
502 2495 652 2578 genitivus
670 2496 785 2556 huiusce
806 2497 846 2556 ad
866 2496 1041 2562 Cluentium
1061 2505 1219 2584 referatur,

136 2619 167 2671 et
185 2627 297 2668 causae
316 2626 372 2689 pro
393 2603 496 2665 dativo
518 2604 706 2685 accipiaturz
732 2604 764 2664 id
783 2605 882 2686 ipsum
901 2609 933 2667 in
950 2611 1103 2693 scriptura
1118 2631 1220 2679 nostra

136 2718 252 2777 mauce
272 2713 366 2796 magis
386 2723 523 2794 apparet,
534 2733 627 2794 wem
647 2712 679 2772 in
699 2710 822 2794 vulgata
843 2714 938 2776 tuias.

224 2823 272 2884 15.
292 2818 403 2902 emon]
446 2819 516 2880 Non
544 2813 722 2902 negligenda
742 2820 902 2880 videbatur
921 2825 1108 2904 optimorum
1129 2829 1217 2893 codd.

136 2931 305 3014 scriptura,
325 2949 403 3012 qnae
422 2929 627 3010 praecedentis
653 2927 740 2991 verbi
764 2932 978 2991 terminatione
1007 2933 1095 2997 facile
1123 2939 1219 3019 potuit

138 3036 319 3116 oblitterari,
341 3053 397 3116 pro
418 3031 499 3116 vulg.
519 3034 610 3093 mori.
636 3033 746 3093 Emori
768 3044 870 3095 autem
891 3036 1030 3100 Ciceroni
1050 3046 1096 3102 es't
1115 3049 1219 3108 misere

138 3139 229 3224 mori,
262 3143 303 3204 sic
328 3141 407 3202 infra
434 3162 461 3203 c.
501 3138 546 3219 14.
575 3137 634 3218 45:
666 3161 824 3218 accusare,
851 3164 966 3229 quoquo
994 3149 1084 3210 modo
1111 3167 1217 3236 posset,

138 3277 228 3344 quam
248 3256 302 3315 illo
316 3252 403 3314 modo
421 3252 519 3311 emori
531 3249 653 3308 maluit:
676 3269 731 3330 pro
743 3249 818 3315 Rah.
840 3251 947 3312 Posth.
967 3275 996 3314 c.
1026 3277 1070 3318 ιο.
1092 3280 1151 3322 202
1162 3264 1217 3343 se·

138 3368 223 3426 cisset
241 3376 329 3440 certe,
349 3362 376 3420 si
396 3361 460 3419 sine
478 3359 614 3418 maximo
632 3357 785 3435 dedecore,
805 3371 871 3418 tam
889 3361 1042 3446 impeditis
1060 3369 1125 3430 suis
1138 3370 1217 3430 rehtu

132 3476 274 3560 pomuset
288 3471 402 3541 emori,

221 3582 271 3656 23,
293 3578 323 3658 4.
342 3592 375 3639 ut
397 3597 457 3636 una
474 3575 552 3635 illud
574 3573 671 3660 quod]
714 3575 801 3637 Hanc
828 3588 966 3640 veterum
989 3581 1061 3644 edd.
1090 3589 1219 3670 scriptu.

136 3710 203 3750 ram
227 3687 333 3770 optimi
361 3683 450 3746 codd.
487 3685 581 3744 nostri
602 3693 738 3744 tuentur.⁴
787 3687 880 3764 Quod
902 3689 1046 3771 Graevio,
1065 3694 1216 3774 Ernestio,
1251 3766 1254 3775 ¹

137 3799 254 3861 Orellio
275 3796 402 3880 placuit:
425 3806 459 3854 ut
479 3813 542 3852 una
562 3792 619 3853 itta
638 3806 667 3852 et
683 3793 766 3876 qnod
775 3837 784 3871 ,
806 3794 837 3853 id
858 3816 892 3856 ex
913 3807 999 3877 parte
1018 3799 1127 3862 saltem
1143 3804 1215 3864 otio·

136 3930 204 3970 snm
226 3917 284 3985 est,
315 3902 402 3985 quasi
435 3900 556 3961 dixisset
575 3911 699 3960 orator:
723 3900 872 3962 interiecit
899 3903 1070 3983 mulierem,
1100 3921 1136 3971 ut
1160 3931 1215 3972 una

138 4015 223 4077 illam
255 4009 402 4074 etlilium
432 4006 633 4083 interficeret,
662 4007 715 4066 sed
742 4027 815 4069 vera
849 4013 1013 4072 sententiae
1039 4019 1118 4078 ratio
1146 4017 1214 4079 haec

134 4127 205 4190 cst:
226 4135 291 4186 tum
312 4121 451 4197 maxime,
470 4137 564 4202 quum
585 4116 710 4203 gravide
738 4127 815 4198 erat,
846 4120 966 4181 necavit
993 4122 1166 4208 mulierem,
1181 4134 1213 4186 -nt
