2736 4696
136 271 188 379 ,4
602 267 765 360 onorio

136 461 191 536 eis
216 459 274 534 rei
300 438 462 563 suspicio
488 475 579 531 esset
616 456 774 545 iniecta,
804 454 922 559 paulo
948 451 1137 557 posterius
1163 477 1228 556 pa-

69 585 280 688 107tefaeta
306 610 365 673 re,
393 584 628 687 maluerunt.¹
676 585 731 656 Ac
756 608 804 656 ne
831 607 876 655 ex
900 580 999 654 facto
1023 579 1149 652 solum
1173 604 1230 652 sa-

135 706 288 810 pientes
313 706 398 779 illos
422 701 620 791 iudicetis,
640 702 705 777 sed
729 701 845 777 etiam
869 727 917 809 ex
931 699 1230 804 hominibusip-

137 829 204 912 sis,
240 826 345 930 quod
372 825 413 898 hi
438 823 631 908 fecerunt,
658 823 862 897 rectissime
886 848 929 896 ac
953 818 1247 925 sapientissime

137 951 286 1025 factum
318 945 506 1053 probetis:
542 943 641 1045 quis·
659 947 698 1018 Ρ.
734 944 891 1020 Octavio
927 944 1042 1034 Balbo
1054 937 1245 1052 n'ingeniofi

137 1072 391 1178 prudentior,
417 1069 502 1141 iure
527 1065 708 1170 peritior,
734 1064 827 1150 fide,
865 1065 1065 1166 religione,
1102 1063 1228 1183 officio

138 1191 362 1295 diligentior
385 1207 454 1263 aut
478 1186 643 1262 sanctior
666 1189 957 1261 commemorari
974 1189 1119 1290 posset?
1145 1215 1228 1264 non

137 1315 309 1392 absolvit.
344 1312 440 1409 Quis
468 1312 515 1407 Q
541 1308 718 1384 Considio
742 1310 999 1385 constantior?
1023 1313 1110 1414 quis
1125 1311 1228 1386 iudi-

138 1440 307 1527 ciorum,
334 1455 460 1538 ,atque
492 1432 573 1514 eius
606 1428 822 1534 dignitatis,
860 1460 959 1536 quae
994 1435 1036 1507 in
1069 1432 1227 1509 iudiciis

137 1561 304 1669 publicis
327 1557 465 1634 versari
481 1555 610 1642 debet,
635 1555 820 1660 periticrl
844 1557 931 1661 quis
943 1557 1104 1647 virtute,
1119 1582 1260 1636 eon-¹⁰

136 1687 242 1777 silio,
276 1683 502 1760 auctoritate
536 1681 811 1785 praestantiori
835 1687 886 1757 ne
919 1683 950 1758 is
972 1681 1132 1786 quidem
1156 1685 1224 1759 ab·

134 1807 256 1885 solvit·
306 1812 481 1909 Longum
503 1823 558 1880 est
581 1801 629 1877 de
652 1805 894 1907 singulorum
915 1807 1057 1883 virtute
1081 1808 1135 1883 ita
1161 1806 1221 1884 di·

135 1958 240 2008 cere:
272 1959 389 2035 quae,
423 1929 516 2032 quia
541 1917 691 2030 cognita
714 1949 806 2004 sunt
830 1931 879 2005 ab
904 1930 1102 2018 omnibus,
1136 1959 1221 2008 ver-

134 2057 274 2132 borum
304 2073 527 2129 ornamenta
560 2080 640 2128 non
667 2072 895 2156 quaerunt..
924 2056 1058 2152 Qualis
1083 2057 1143 2129 vir
1166 2060 1218 2133 M.

133 2178 330 2254 Iuventius
353 2175 454 2252 Pedo
480 2176 557 2251 fuit
581 2201 626 2250 ex
649 2190 773 2263 vetere
806 2179 873 2253 illa
909 2179 1083 2255 iudicum
1108 2175 1260 2257 disci-¹5

133 2303 266 2407 plina?
305 2299 429 2403 qualis
466 2301 912 2404 L.·Caulius'Mergus?
946 2308 996 2380 Μ.
1032 2307 1222 2399 Basilius?

134 2428 173 2500 C.
199 2422 421 2501 Caudinus?
444 2423 514 2527 qui
540 2450 668 2499 omnes
693 2426 733 2499 in
756 2426 908 2502 iudiciis
931 2430 1114 2535 publicis,
1142 2431 1221 2509 iam

134 2567 219 2624 tum
236 2549 413 2624 *florente
451 2547 669 2652 republica,
710 2550 937 2627 floruerunt·
995 2555 1052 2627 Ex
1083 2553 1220 2631 eodem

133 2699 296 2748 numero
320 2678 360 2749 L.
386 2674 557 2764 Cassius,
582 2677 650 2751 Cn.
671 2677 807 2767 Heius,
833 2678 918 2782 pari
944 2697 982 2754 et
999 2678 1220 2782 integritate

131 2816 170 2872 et
197 2796 427 2901 prudentia:
464 2824 633 2900 quorum
664 2800 811 2875 nullius
844 2802 1030 2876 sententia
1060 2822 1115 2878 est
1141 2805 1260 2909 Opao

131 2921 307 3024 pianicus
319 2921 525 2997 absolutus.
550 2926 675 3025 Atque
686 2924 729 2998 in
747 2922 807 2998 his
830 2928 1123 3003 omnibusmatu
1147 2926 1232 2999 mim

130 3047 278 3136 nimus,
315 3046 470 3148 ingenio
502 3062 541 3120 et
565 3045 764 3148 diligentia
789 3067 828 3126 et
852 3049 1036 3151 religione
1062 3078 1135 3155 par
1161 3050 1216 3142 iis,

213 3271 245 3330 5.
268 3290 302 3330 ex
324 3267 496 3411 nffininibus
599 3264 631 3346 4.
651 3266 735 3350 quod
755 3268 778 3326 ii
798 3267 922 3331 fecerint
1028 3269 1075 3332 16.
1098 3269 1216 3333 Basilus

214 3373 265 3414 21.
290 3373 325 3412 ex
380 3371 394 3411 s

200 3559 225 3610 3.
253 3575 287 3609 ex
310 3557 469 3611 nominibus
492 3561 682 3630 dlpvppet
768 3562 792 3630 4.
817 3560 848 3614 hi
866 3561 918 3613 AB
942 3561 1037 3615 tiro
1089 3561 1213 3615 fecerunt
1247 3610 1251 3618 .

132 3627 290 3700 ABlsmv
350 3627 536 3684 fecerintlio
621 3631 646 3684 5.
667 3630 757 3695 quir
858 3635 882 3687 8.
902 3629 971 3701 Quis
993 3630 1038 3704 Q.]
1096 3633 1213 3702 quisque

133 3696 355 3821 bedelghiov
427 3716 466 3752 ιο.
492 3699 916 3772 debentlrcdefglsiltlnov
995 3702 1213 3772 14.nonqnae-

134 3777 199 3822 runt
238 3808 240 3814 -
259 3769 278 3822 l.
298 3767 404 3821 codices
421 3771 512 3823 mutili
528 3785 556 3824 et
572 3789 590 3822 α
611 3773 642 3823 in
660 3772 783 3825 ordinem
804 3770 923 3826 redeunt-
964 3774 1002 3840 14.
1021 3775 1130 3840 quaerit
1147 3792 1211 3846 apq

118 3853 257 3892 rstue
307 3838 345 3891 15.
373 3840 517 3893 Juventius
551 3872 588 3885 --
621 3842 729 3910 Mergus
749 3861 798 3896 om.
825 3842 1112 3916 abhnpqrstuvu
1158 3845 1212 3895 fuit

134 3929 185 3963 om.
205 3910 229 3963 B
299 3911 338 3962 16.
354 3909 462 3977 Mergus
480 3930 530 3970 cm.
549 3911 568 3963 d
575 3915 589 3974 ζ
623 3914 739 3966 Basilius
759 3918 792 3965 Π
807 3914 903 3985 (pauci
920 3913 1028 3966 Blaxius
1045 3930 1072 3964 v.
1093 3910 1212 3979 suiuy

133 3978 346 4048 γδεζηκλμν
379 3983 647 4053 Βεείίυεξοῑερστ
721 3983 993 4052 17Caudiniusda
1067 3982 1208 4052 19.lleius

133 4047 209 4103 codd.
227 4050 335 4120 liugom.
352 4055 599 4121 praeterB,Pall.
620 4057 645 4107 S.
667 4056 734 4106 Vict.
761 4056 907 4122 οπρστς
954 4054 1018 4106 Eius
1037 4071 1055 4104 α
1097 4054 1210 4105 Hevitus

131 4122 184 4173 AB
218 4118 401 4190 Hevius’ydc
434 4123 905 4194 NetineuNaeviuseqaipwi
975 4126 1067 4178 auin
1083 4123 1210 4180 hisABc

133 4208 166 4245 ca
183 4191 227 4246 his
238 4193 269 4248 xll
279 4194 301 4246 Ο
337 4209 370 4244 ex
390 4209 439 4248 om.
459 4207 472 4246 ε
542 4213 583 4250 22·
607 4203 634 4250 et
652 4193 797 4268 diligentia
815 4212 865 4250 om.
887 4191 1210 4269 desglsiltlnorsuv
