2736 4696
183 257 273 352 ,54
306 266 309 272 ·
556 282 563 320 ,
617 193 866 326 snuorrmo

201 428 295 497 nullis
315 432 479 518 displicuit,
521 442 564 495 ut
585 435 726 517 alligatus
752 438 791 498 sit
820 434 925 522 cnlpae
943 433 1108 498 obnoxius:
1147 451 1221 494 nam
1247 430 1291 495 ad

199 561 268 602 eam
288 541 478 625 probandam
498 541 570 603 lacit
594 552 624 603 et
645 541 729 604 locus
758 542 943 605 aTurnebo
970 552 1053 603 recte
1082 539 1211 602 allatuss
1247 539 1289 605 ad

200 651 307 728 Quint.
332 649 419 710 fratr.
445 651 487 724 ΙΙ,
506 651 534 710 5.
558 650 709 710 sedidem
735 649 844 711 Nerius
861 648 959 711 index
971 651 1069 713 ecb'dit
1087 648 1290 729 adalligatos

199 758 256 818 Cn.
280 757 438 817 Lemniam
463 757 499 818 V
494 757 612 818 aeciam
631 771 660 816 et
676 757 711 816 0.
735 757 925 835 Corneliam,
946 766 977 816 et
995 755 1107 818 similes
1128 737 1187 816 loci
1207 753 1291 817 infra

198 884 227 924 c.
251 863 305 942 54.
335 861 404 940 148.
437 863 487 923 nbi
511 863 591 924 enirn
620 864 703 939 (lex)
727 864 822 924 omnis
856 863 995 924 mortalis
1020 864 1146 945 alligat,
1177 864 1223 922 ita
1243 863 1290 923 lo-

197 973 307 1057 quitar.
330 992 388 1054 pro
409 970 515 1030 Rabir.
546 971 633 1031 Post.
661 992 689 1038 c.
717 968 749 1048 6,
782 971 837 1048 14:
859 994 896 1032 ne
919 992 982 1056 qua
1008 993 1089 1032 nooa
1115 973 1290 1055 quaestione

197 1082 385 1163 alligaretur.
405 1101 433 1138 c.
462 1101 504 1161 7,
525 1078 583 1138 13:
610 1099 663 1138 aas
685 1091 801 1139 senatus
814 1079 921 1139 liberos
947 1080 1003 1138 hac
1023 1079 1086 1158 lege
1100 1099 1161 1138 esse
1178 1078 1289 1156 muas,

192 1189 323 1272 populus
353 1208 513 1270 numquam
538 1185 691 1268 aliigavit.
734 1186 795 1263 Sed
814 1185 1005 1269 participium
1026 1186 1168 1266 alligati,
1190 1206 1290 1267 quum

196 1316 260 1355 non
276 1305 405 1367 constet,
427 1294 552 1376 quinam
567 1295 628 1354 sint
653 1294 703 1354 isti
724 1292 872 1371 homines,
897 1293 1026 1376 abrupte
1043 1295 1134 1354 nimis
1154 1296 1290 1374 positum

111 1440 113 1443 ·
197 1401 374 1463 videbatur.
418 1403 523 1479 Quare
537 1391 668 1462 libenter
681 1403 866 1483 optimorum
887 1402 978 1462 codd.
999 1400 1184 1484 scripturam
1210 1402 1290 1461 arri-

196 1508 375 1589 puimus,in
395 1528 456 1589 qua
477 1506 552 1566 nihil
565 1505 762 1568 dubitationis
781 1505 932 1588 reliquum
949 1518 1011 1568 est:
1038 1508 1071 1568 in
1093 1530 1152 1594 qao
1174 1507 1287 1590 alliga-

195 1628 258 1674 tum
284 1613 452 1698 Oppianici
475 1633 583 1672 nomen
598 1613 733 1696 primum
753 1634 812 1673 esse
830 1613 990 1689 constabat,
1013 1613 1046 1675 h.
1062 1635 1091 1676 e.
1111 1617 1288 1678 testimonio

190 1721 375 1789 obstrictum
396 1732 426 1782 et
447 1722 654 1782 convinctum.

278 1849 338 1911 29,
374 1848 400 1888 1.
426 1850 486 1912 per
516 1849 603 1919 quem
635 1829 824 1907 interfecerat
853 1826 1020 1914 plurimos]
1070 1830 1155 1892 Haec
1192 1829 1289 1893 verba

195 1936 334 2018 quamvis
368 1933 472 1994 multis
502 1944 570 2015 post
598 1934 782 1995 Lambinum
820 1947 956 2018 suspecta
989 1937 1154 2016 visasint,
1185 1944 1286 2023 neque

195 2046 260 2104 sine
282 2061 393 2115 cansa,
414 2051 517 2100 tamen
539 2061 558 2100 a
577 2038 669 2110 nullo
688 2041 791 2102 codice
812 2042 936 2102 absunt.
961 2043 1066 2120 Quare
1086 2047 1284 2108 statuendum

196 2150 343 2228 videtur,
389 2150 568 2211 Ciceronem
606 2151 705 2232 ipsum
734 2150 813 2212 hanc
850 2150 1019 2212 audacioris
1052 2149 1136 2212 illius
1176 2152 1285 2216 dictio-

196 2259 244 2320 nis
280 2257 458 2347 (medicam⁸
492 2278 579 2341 saepe
616 2259 778 2332 uictorem)
811 2258 1051 2341 explanationem
1086 2265 1285 2325 necessariam

127 2385 135 2401 ⁵
196 2366 350 2427 habuisse.

280 2496 332 2536 21.
366 2473 480 2533 tabulas
502 2474 638 2558 publicas
667 2473 779 2534 Larini
805 2476 968 2557 aemonias]
1017 2477 1230 2558 Quinctildx,
1253 2479 1281 2540 5.

196 2585 239 2645 sic
264 2582 347 2643 hunc
375 2581 477 2642 locum
509 2581 611 2642 affert:
645 2581 760 2642 tabulas
785 2584 922 2667 publicas
950 2586 1107 2665 violasse,
1136 2588 1283 2649 censoria

197 2690 373 2775 corrupisse.
415 2689 475 2749 Sed
488 2701 569 2750 recte
590 2689 742 2749 Gesnerus
762 2689 801 2749 ad
823 2689 910 2749 illum
930 2692 953 2751 l.
969 2702 1000 2751 et
1020 2694 1206 2754 Garatonius
1236 2697 1283 2754 iu·

197 2798 311 2858 dicasse
337 2795 504 2872 videntur,
533 2794 663 2855 verbum
683 2795 810 2855 uiolasse
834 2796 878 2855 ibi
898 2799 1018 2861 nonnisi
1042 2819 1077 2858 ex
1096 2811 1204 2862 nostro
1224 2799 1284 2862 La·

177 2906 270 2982 ·rini,
293 2925 403 2986 parum
424 2925 441 2962 a
463 2901 594 2962 librariis
614 2901 779 2979 intellectu,
803 2925 866 2964 esse
888 2915 1000 2964 ortum.

279 3013 340 3091 30,
365 3011 395 3089 4.
419 3011 517 3088 adita]
538 3008 613 3068 Cod.
628 3009 652 3066 B
667 3011 768 3069 minus
791 3011 1053 3075 emendatehabet
1072 3016 1191 3096 auditae,
1204 3015 1284 3101 quod

196 3123 259 3181 iam
291 3141 424 3180 sermone
459 3119 657 3192 continetur3
694 3115 793 3176 aditus
826 3128 928 3178 autem
964 3140 983 3179 a
1012 3125 1216 3202 congressione
1243 3126 1285 3184 in

197 3229 317 3304 differt,
339 3240 375 3289 ut
396 3228 499 3288 aditm
519 3223 602 3284 domi
625 3225 713 3298 eius,
735 3245 828 3306 quem
848 3227 991 3308 adimus,
1014 3233 1181 3308 congressio
1212 3251 1287 3312 quo·

197 3339 244 3399 vis
265 3337 325 3398 alio
347 3336 415 3396 loco
438 3335 502 3394 liat.
622 3416 625 3423 Α

284 3464 332 3504 12.
362 3442 568 3528 Oppianicus:
590 3440 692 3525 erat:]
713 3442 817 3506 Minus
841 3453 930 3503 caute
948 3442 1131 3503 recentiores
1141 3442 1286 3525 editores,

196 3547 380 3620 Ernestius,
404 3546 721 3624 Schiitzius,0rellius
739 3548 886 3634 quasdam
908 3557 1098 3610 vetustarum
1119 3549 1286 3613 editionum

196 3656 316 3736 sequuti
346 3674 453 3714 vocem
483 3667 549 3713 erat
580 3654 742 3716 eiecerunt.
800 3657 868 3717 Etsi
896 3658 977 3716 enim
1004 3656 1178 3738 complures
1200 3660 1286 3721 codd.

196 3760 302 3828 Florr.
318 3759 398 3821 hanc
415 3761 565 3820 rationem
588 3761 800 3822 commendare
808 3761 964 3839 videntur,
976 3773 1078 3823 tamen
1099 3766 1132 3824 in
1145 3769 1287 3828 omitten-

198 3870 245 3930 dis
269 3868 391 3944 verbis,
415 3865 526 3946 quibus
548 3889 651 3929 sensus
672 3869 760 3932 facile
784 3890 888 3930 carere
908 3870 1018 3951 possit,
1042 3872 1135 3931 etiam
1156 3876 1285 3956 optimo-

198 3999 269 4038 rum
294 3989 470 4037 nostrorum
504 3978 715 4037 auctoritatem
744 3975 889 4036 leviorem
918 3978 1091 4040 habendam
1112 4003 1180 4042 esse
1200 3982 1284 4043 duxi·

198 4105 291 4146 mus:
325 4103 397 4144 nam
429 4101 597 4164 numquam
630 4083 706 4144 mihi
730 4084 914 4166 persuadeo,
950 4085 1092 4149 iteratum
1112 4089 1192 4153 illud
1210 4099 1283 4167 emt,
