2736 4696
510 224 595 290 roo
618 219 899 319 accumbo.
1176 223 1244 303 135

160 410 257 488 loris
277 408 481 488 amitteret.
533 414 617 487 Iam
642 435 732 486 vero
756 406 864 515 quod
889 408 962 485 iter
986 410 1146 485 Romam
1170 406 1252 485 eius
1277 423 1327 498 08

164 535 340 612 mulieris
363 533 477 610 fuisse
502 531 742 613 existimatis?
765 529 874 637 quod
897 557 981 636 ego,
1018 548 1176 639 propter
1198 528 1254 606 vi-

164 659 361 736 ciuitatem
385 657 643 762 Aquinatium
666 672 706 730 et
729 656 1066 746 Fabraternorum,
1083 680 1130 730 ex
1154 651 1254 740 mul·

167 782 213 861 tis
237 780 371 857 audivi
396 798 435 856 et
459 779 653 885 comperit
678 805 776 884 quos
799 805 1005 856 concursus
1030 779 1074 856 in
1097 775 1158 855 his
1187 803 1255 884 op-

103 882 107 893 *
151 904 292 1011 spidisl
322 920 489 1006 quantos
513 922 552 979 et
582 903 757 979 virorum
786 919 826 978 et
849 903 1061 979 mulierum
1090 899 1254 1004 gemitus

168 1053 239 1107 esse
279 1027 425 1103 factosl
465 1026 670 1101 mulierem
711 1024 910 1130 quandam
948 1024 1107 1117 Larino,
1133 1043 1251 1130 atque

168 1150 273 1226 illam
298 1177 419 1253 usque
439 1177 461 1224 a
479 1149 576 1224 mari
599 1175 739 1254 supero
763 1153 924 1227 Romam
949 1146 1149 1254 proficisci,
1160 1175 1252 1228 cum

168 1300 302 1376 magno
329 1272 516 1348 comitatu
541 1289 580 1346 et
604 1271 780 1376 pecunia,
806 1299 885 1377 quo
912 1270 1063 1346 facilius
1089 1271 1253 1371 circum·
1312 1279 1316 1285 ’

133 1447 151 1459 =-
166 1394 295 1473 venire
320 1394 465 1471 iudicio
491 1393 626 1499 capitis
649 1412 767 1497 atque
791 1393 1010 1499 opprimere
1024 1388 1154 1469 ¹filium
1171 1421 1254 1500 pos·

141 1537 228 1599 roset-
278 1520 398 1596 Nemo
432 1534 516 1593 erat
549 1517 727 1608 illorum,
754 1542 876 1623 paene
902 1514 1038 1605 dicam,
1067 1516 1167 1619 quin
1190 1544 1253 1593 ex·
1277 1520 1333 1604 193

165 1638 355 1746 piandum
379 1639 493 1714 illum
518 1637 649 1713 locum
672 1662 748 1713 esse
771 1638 1039 1728 arbitraretur,
1065 1663 1254 1740 quacum.

165 1792 240 1869 que
268 1766 336 1841 illa
362 1764 437 1840 iter
471 1762 635 1839 fecisset:
665 1788 803 1854 nemo,
836 1762 935 1866 quin
961 1779 1104 1836 terram
1130 1761 1253 1866 ipsam

165 1883 320 1974 violari,
352 1909 453 1987 quae
488 1902 609 1959 mater
642 1899 697 1959 cst
731 1882 925 1974 omnium,
966 1881 1130 1984 vestigiis
1161 1911 1253 1962 con-

165 2005 366 2081 sceleratae
391 2004 526 2079 matris
550 2021 716 2108 putaret.
741 2008 878 2109 Itaque
903 2005 1013 2080 nullo
1039 2005 1082 2083 in
1106 2006 1252 2114 oppido

138 2124 399 2204 rtconsistendi
429 2145 593 2232 potestas
617 2127 653 2233 ei
678 2126 773 2204 fuit:
800 2153 914 2205 nemo
938 2153 985 2204 ex
1011 2147 1069 2208 tot
1093 2129 1254 2238 hospiti·

165 2253 237 2329 hus
261 2252 441 2329 inventus
464 2270 538 2343 est,
564 2252 634 2356 qui
660 2279 742 2330 non
766 2250 1032 2356 contagionem
1055 2252 1253 2362 adspectus

164 2376 324 2482 fugeret.
372 2376 483 2453 Nocti
507 2403 545 2452 se
570 2377 703 2482 potius
727 2405 771 2455 ac
796 2376 1008 2468 solitudini,
1033 2405 1153 2482 quam
1175 2380 1252 2457 ulli

166 2518 235 2591 aut
268 2499 359 2575 urbi
393 2519 463 2576 aut
499 2499 642 2606 hospiti
682 2503 957 2579 committebat
1016 2504 1131 2577 Nunc
1162 2529 1252 2580 vero
1279 2497 1336 2583 ι94

166 2619 264 2724 quid
288 2639 383 2722 ngat,
410 2620 509 2724 quid
533 2623 728 2717 moliatur,
756 2621 859 2730 ¹quid
884 2621 1053 2728 <lenique
1076 2624 1253 2730 quotidie

133 2745 326 2850 rocogitet,
360 2772 478 2849 quem
512 2746 690 2850 ignorare
723 2765 899 2824 nostrum
935 2750 1076 2853 putatl
1145 2750 1253 2847 Quos

167 2868 396 2975 appellarit,
419 2869 565 2974 quibus
589 2869 797 2977 pecuniam
820 2869 1056 2977 promiserit,
1082 2898 1252 2976 quorum
1333 2950 1337 2959 .

168 2990 285 3069 fidem
307 2991 433 3097 pretio
458 2991 687 3069 labefactare
711 3011 848 3069 conata
861 2992 1115 3086 sintenemus.
1141 2994 1253 3093 Quin

166 3114 284 3192 etiam
316 3133 508 3191 nocturna
533 3117 736 3209 sacrificia,
772 3143 872 3221 quae
896 3137 1009 3231 putat
1042 3120 1252 3197 occultiora

168 3261 251 3331 esse,
277 3239 551 3341 sceleratasque
576 3238 658 3316 eius
682 3264 812 3345 preces
835 3257 874 3318 et
898 3240 1046 3319 nefaria
1069 3259 1157 3322 rota
1191 3269 1252 3325 co·

248 3432 282 3498 3.
301 3442 333 3492 et
352 3432 598 3497 Venafranorum

236 3613 264 3667 3.
281 3610 544 3666 Fabraternorumt
601 3615 844 3670 llrabratcrnorum
862 3636 901 3684 ’2⁸
988 3618 1213 3676 Prahatemorum
1233 3640 1251 3676 κ

168 3679 372 3736 Afraternorum
393 3683 842 3763 ABacdefbilrlorsruyrlc
877 3689 1069 3743 Fraternorom
1088 3708 1165 3746 nvo
1196 3693 1252 3748 Ve-

167 3754 342 3809 nafranorum
360 3754 376 3806 l
386 3755 533 3827 μνξοπρ
548 3768 587 3807 or
676 3776 699 3826 7.
719 3760 798 3810 illinc
816 3759 887 3812 coni.
909 3761 1059 3814 eutietmus
1145 3782 1171 3833 9.
1189 3780 1253 3832 pos·

169 3823 205 3875 tit
222 3836 449 3895 anortuvopo
523 3844 559 3880 to.
572 3826 650 3900 quin]
670 3827 718 3898 qui
736 3829 767 3882 A
823 3831 861 3882 16.
883 3830 1020 3956 inventpp)
1041 3840 1163 3901 repertus
1182 3849 1253 3888 nov

172 3896 211 3948 18·
229 3890 807 3969 urbiABbcdesglrm,Opraeteroen
848 3898 979 3955 torbace
1016 3903 1155 3960 ,Fnon
1191 3914 1250 3958 tur·

169 3965 198 4033 pl
225 3977 402 4037 anorstov
492 3984 535 4022 ao.
557 3979 711 4025 nostrorum
731 3973 764 4024 11
786 3982 899 4045 practer
916 3987 958 4023 no
1063 3976 1095 4028 23
1123 3978 1254 4044 putctll

171 4046 281 4108 praeter
298 4031 476 4103 simulet
