2736 4696
502 222 595 298 'rao
617 233 655 298 a
668 230 897 300 cnununo.
1184 270 1250 335 ,27

164 416 304 503 stridie
328 420 498 525 cognito,
525 424 650 501 omnis
673 421 837 528 suspicio
863 421 906 497 in
932 447 994 500 eos
1017 448 1150 513 servos,
1177 424 1251 526 qui

165 575 249 624 non
274 547 558 651 comparebant,
584 549 914 625 commovebatur·
933 550 1068 647 Quum
1092 542 1253 626 exsectio
1277 545 1282 552 ’

165 679 235 754 illa
261 676 377 753 flandi
403 674 446 751 in
471 673 638 750 armario
669 670 1057 762 animadverteretur,
1095 697 1254 774 quaere-

163 803 262 878 bant
285 799 469 888 homines
502 821 674 900 quonam
698 793 811 871 modo
839 793 921 869 [ieri
938 794 1136 900 potuisset
1156 795 1253 892 Qui-

145 925 257 1002 bdam
281 950 328 998 ex
351 921 483 998 amicis
504 918 642 996 Sassiae
668 915 887 995 recordatus
912 939 975 1011 est,
1001 945 1040 996 se
1065 946 1192 1024 nuper
1207 921 1253 1001 in

166 1050 346 1126 auctione
383 1043 552 1149 quadam
576 1041 711 1120 vidisse
736 1044 779 1121 in
803 1045 917 1120 rebus
944 1043 1105 1119 minutis
1128 1043 1252 1122 adun·

167 1198 320 1262 cam‚cx
336 1169 442 1247 omni
466 1185 576 1276 parte
600 1166 797 1244 dentatam
822 1186 861 1244 et
886 1186 1096 1245 tortuosam
1120 1167 1252 1242 venire

167 1296 376 1384 serrulam,
400 1319 481 1394 qua
506 1288 608 1366 illud
632 1290 799 1398 potuisse
827 1288 881 1366 ita
907 1288 1172 1366 circumsecari
1197 1290 1254 1366 vi·

170 1417 362 1494 deretur(
402 1417 458 1491 Ne
493 1416 633 1491 multa:
671 1414 917 1519 perquiritur
949 1443 972 1490 a
996 1416 1252 1494 coactoribus:

139 1541 365 1620 10invenitur
388 1565 432 1616 ea
447 1537 603 1616 ¹serrula
626 1536 677 1613 ad
685 1540 901 1615 Stratonem
919 1539 1139 1645 pervenisse.
1165 1544 1250 1617 Hoc
1321 1634 1323 1638 μ

168 1662 278 1740 initio
303 1661 528 1767 suspicionis
559 1659 652 1751 o'rto,
687 1677 726 1736 et
748 1681 879 1765 aperte
904 1660 1125 1740 insimulato
1151 1667 1253 1741 Stra-

168 1805 266 1872 tone,
299 1811 399 1891 puer
413 1785 495 1859 *ille
527 1783 698 1858 conscius
721 1783 946 1887 pertimuit:
990 1811 1072 1862 rem
1097 1814 1252 1868 omnem

167 1909 343 1987 dominae
384 1908 588 1985 indicavit:
628 1907 803 1983 homines
837 1906 880 1985 in
917 1909 1064 2015 piscina
1102 1911 1252 1992 inventi

167 2053 276 2111 sunt:
303 2036 427 2110 Strato
453 2034 497 2111 in
521 2031 675 2109 vincula
700 2031 894 2108 coniectus
913 2051 978 2130 est,
993 2054 1110 2140 atque
1133 2037 1251 2114 etiam

133 2155 206 2236 ¹'5in
231 2155 393 2230 taberna
416 2152 500 2230 eius
524 2155 687 2246 nummi,
713 2183 961 2260 nequaquam
983 2154 1124 2252 omnes,
1142 2187 1250 2267 reped

165 2280 332 2356 riuntur·
357 2278 617 2355 Constituitur
628 2281 801 2383 quaestio
818 2278 867 2355 de
883 2280 1001 2358 furto.
1032 2286 1129 2360 Nam
1148 2286 1247 2390 quid
1273 2277 1326 2342 ¹3¹

166 2408 370 2511 quisquam
393 2401 577 2509 suspicari
594 2403 712 2485 aliud
735 2407 885 2511 potest?
921 2411 984 2482 An
1008 2407 1082 2485 hoc
1107 2409 1252 2495 dicitist

165 2529 329 2639 armario
367 2527 546 2633 expilato,
579 2530 744 2636 pecunia
777 2531 921 2626 ablata,
940 2556 1037 2608 'non
1061 2537 1168 2613 omni
1192 2564 1252 2613 re-

165 2671 358 2759 cuperata,
382 2651 511 2728 occisis
536 2651 769 2740 hominibus,
795 2653 1014 2732 institutam
1035 2683 1111 2735 esse
1134 2688 1252 2764 quae-

133 2778 327 2855 amionem
359 2775 407 2850 de
439 2773 563 2852 morte
588 2775 820 2882 Oppianici?
843 2777 908 2853 cui
934 2780 1128 2886 probatis?
1151 2781 1251 2888 quid

162 2920 230 2995 est,
276 2899 385 3006 quod
426 2900 557 2978 minus
598 2899 802 2976 verisimile
844 2903 1018 3010 proferre
1050 2911 1250 3013 potuistis?

160 3023 325 3116 Deinde,
351 3044 397 3101 ut
422 3025 600 3101 omittam
624 3044 760 3115 cetera,
783 3025 952 3104 triennio
976 3049 1061 3134 post
1084 3056 1249 3118 mortem

161 3149 370 3258 Oppianici
390 3147 438 3224 de
456 3148 537 3225 eius
551 3167 674 3226 morte
693 3151 962 3253 quaerebatur.
986 3163 1113 3259 Atque
1131 3161 1249 3242 etiam

160 3275 316 3352 incensa
341 3273 429 3350 odio
454 3273 628 3378 pristino,
652 3274 910 3354 Nicostratum
934 3280 1101 3356 eundem
1131 3285 1247 3367 illum

123 3393 246 3473 ²5tum
271 3397 357 3485 sine
372 3423 482 3472 causa
508 3396 551 3471 in
575 3397 839 3501 quaestionem
862 3403 1079 3505 postulavit.
1125 3411 1246 3517 Oppi-

158 3521 293 3598 anicus
317 3522 443 3628 primo
469 3522 664 3599 recusavit.
722 3527 971 3630 Posteaquam
1005 3529 1088 3621 illa,
1125 3534 1246 3612 abdu-

157 3663 311 3724 cturam
340 3672 378 3721 se
415 3645 554 3739 filiam,
586 3665 827 3724 mutaturam
858 3675 932 3728 esse
966 3669 1247 3754 testamentum,

229 3812 256 3864 3.
275 3813 445 3881 quaerebant
462 3829 512 3868 om.
532 3815 567 3864 11
580 3823 692 3883 praeter
709 3813 761 3866 AB
768 3833 779 3881 ,·
798 3812 839 3878 δζ
889 3834 984 3888 quaer.
1008 3819 1134 3876 homines
1160 3844 1212 3879 om.
1231 3841 1246 3877 ε

160 3879 433 3952 q.quodammodos
489 3899 513 3955 7.
525 3883 662 3936 dentatam
686 3883 825 3943 Priscian.
850 3905 877 3958 p.
894 3891 954 3958 617.
974 3904 1041 3961 ρστ
1080 3893 1202 3947 dentium
1222 3899 1248 3949 B

159 3945 464 4026 Ιυηεζηικλμγξοπ
517 3955 627 4005 dentum
647 3954 746 4023 Rnyd
843 3962 867 4013 8.
896 3960 1251 4036 circumsecarelbcdef

159 4022 248 4092 gott
349 4029 388 4086 16.
415 4026 483 4098 quid
508 4026 604 4080 om.B
713 4029 751 4079 18.
780 4029 931 4096 reciperata
959 4035 1013 4088 AB
1110 4036 1152 4105 ²4·
1174 4053 1244 4092 euu-

161 4091 233 4167 dem]
255 4109 319 4148 eum
337 4099 361 4148 Β
460 4099 501 4151 25.
523 4097 553 4148 in
570 4113 621 4149 om.
640 4099 674 4149 11
691 4110 802 4167 praeter
820 4103 875 4156 AB
882 4099 937 4170 rdc
