2736 4696
165 237 237 335 ,54
578 230 824 296 Anaontrio

164 416 240 481 liaeo
252 429 307 491 ,est
325 428 467 486 constans
486 420 643 480 nominum
663 421 811 494 istorum,
832 437 910 501 quae
930 417 962 478 in
977 449 1018 464 —
1031 435 1101 477 eruis
1122 421 1248 491 exeunt,

134 552 137 571 ι
167 526 258 600 ratio,
288 525 409 608 quoda
441 523 627 607 simplicibus
646 524 819 586 nominibus
840 526 872 584 iu
888 558 926 571 -
947 523 1248 584 interminantibus

164 633 352 705 damnantur.
410 632 675 712 Quemadmodum
707 633 798 713 igitur
826 653 845 700 a
872 631 999 692 Volusio
1027 631 1062 692 fit
1102 628 1254 692 Volusie«

164 761 248 818 nus,
277 760 297 802 a
323 739 448 802 Nasidio
482 739 680 814 Nasidienus,
713 761 730 801 a
754 741 855 823 Pupio
883 739 1058 821 Pupienus,
1095 759 1115 799 a
1149 737 1249 799 Labio

164 850 328 930 Labienus,
350 850 393 911 sic
411 850 504 911 etiam
524 869 544 909 a
562 849 645 910 Staio
664 848 803 909 Staienus
824 846 964 909 efficitur.

251 953 300 1035 14.
324 955 370 1023 M.
391 955 517 1017 Arrium
538 953 628 1038 cett]
671 955 761 1015 Haud
779 953 961 1037 >negligenda
980 952 1141 1016 videbatur
1155 953 1188 1012 in
1212 971 1250 1013 eo

164 1062 249 1137 loco,
282 1084 343 1146 quo
371 1084 516 1145 personae
533 1073 700 1124 acontortae
725 1084 796 1123 sane
825 1074 855 1124 et
881 1061 1044 1144 implicitae
1063 1061 1256 1122 narrationis

163 1173 298 1253 primum
328 1171 535 1254 inducuntur,
564 1174 729 1254 expressior
757 1171 916 1231 nominum
944 1169 1124 1250 designatio,
1154 1188 1251 1249 quarn

162 1282 269 1362 optimi
283 1278 372 1341 codd.
395 1278 592 1360 praebebant,
612 1291 647 1341 ut
667 1293 785 1364 praeter
806 1278 960 1362 vulgarem
980 1298 1068 1338 usum
1089 1276 1138 1337 bis
1158 1296 1253 1358 pona

163 1396 248 1447 retur
267 1397 335 1468 post
350 1386 476 1449 fratrum
494 1388 625 1449 duorum
638 1389 835 1470 praenomina
850 1407 962 1447 nomen
970 1384 1081 1468 gentile
1115 1384 1251 1446 Auriana

163 1515 242 1577 quae
261 1496 340 1554 ratio
364 1515 399 1554 eo
419 1496 515 1578 magis
534 1496 693 1578 probanda
713 1495 855 1556 videtur:
878 1496 950 1577 quia
971 1494 1137 1556 eorundem
1157 1492 1257 1553 libru'

74 1606 78 1613 ’
162 1624 232 1664 rum
263 1602 354 1663 fidem
372 1607 491 1686 sequuti
522 1605 597 1666 duos
618 1605 778 1666 Numerios
799 1605 879 1665 nacti
900 1625 1003 1664 sumus
1022 1607 1054 1662 in
1076 1601 1182 1662 eadem
1206 1601 1249 1662 sa·

163 1710 258 1785 milia,
291 1733 353 1774 non
381 1712 486 1773 eodem
519 1723 606 1794 patre
638 1723 741 1790 ortos3
776 1733 840 1773 rem
862 1731 934 1772 sane
969 1707 1163 1784 mirabilem,
1197 1707 1252 1801 sed

164 1819 329 1893 eiusmodi,
352 1831 387 1880 ut
407 1841 425 1880 a
447 1818 577 1880 librariis
596 1819 714 1881 facilius
741 1818 921 1896 oblitterari,
942 1838 1035 1900 quam
1055 1814 1139 1876 ultro
1161 1818 1252 1877 inve·

163 1927 222 1986 uiri
241 1926 384 2008 potuerit.

250 2031 307 2108 16,
332 2029 380 2110 14.
402 2053 488 2117 quern
509 2046 605 2093 tamen
626 2031 726 2115 unum]
768 2032 819 2093 Sic
839 2042 921 2093 reete
943 2032 1123 2093 recentiores
1143 2031 1251 2093 edida·

162 2151 257 2201 runt:
288 2140 361 2201 olim
389 2140 451 2204 tu'm
481 2153 512 2204 et
532 2156 645 2204 tantum
667 2142 867 2224 vulgabatur,
888 2152 1051 2222 utrumque
1074 2140 1146 2201 satis
1168 2142 1249 2202 otio·

160 2269 253 2309 sum:
273 2233 393 2325 tamen,
415 2251 497 2331 quod
518 2252 549 2310 in
569 2251 690 2332 optimis
711 2252 799 2311 codd.
821 2250 989 2327 invenitur,
1017 2248 1171 2331 eleganter
1199 2270 1249 2309 so-

160 2355 268 2416 latium
295 2358 450 2439 quoddam
480 2362 644 2442 exprimit,
676 2360 758 2442 quod
789 2370 858 2442 post
884 2371 931 2419 tot
959 2361 1117 2419 continua
1138 2356 1247 2416 itinera

160 2461 324 2526 domestica
343 2465 471 2548 Dinaea,
496 2466 675 2548 necopinato
695 2467 803 2526 nuntio
824 2465 863 2525 de
882 2465 963 2526 unici
984 2463 1038 2524 filii
1066 2465 1133 2524 vita
1163 2484 1249 2524 aare

126 2629 133 2637 .
160 2582 224 2652 pto,
243 2573 308 2654 ipsa
328 2574 385 2634 sibi
407 2575 547 2656 suggerit.
590 2571 725 2634 Similem
746 2571 921 2633 consolandi
936 2583 966 2632 et
980 2573 1066 2654 quasi
1083 2552 1248 2632 deliniendi

159 2681 224 2740 vim
256 2681 423 2762 particulae
456 2695 557 2742 tamen
593 2681 625 2742 in
669 2681 718 2740 his
749 2679 824 2739 locis
868 2679 1160 2740 animadvertimus:
1195 2699 1249 2762 pro

161 2787 449 2865 Quintanabsso:
469 2802 512 2850 est
529 2789 679 2875 quaedam
707 2803 805 2850 tamen
826 2791 869 2848 ita
884 2789 1043 2872 perspicua
1065 2789 1194 2860 ammius,
1219 2800 1251 2847 ut

160 2915 228 2961 eam
255 2895 412 2982 irfirmare
439 2897 524 2958 nialla
552 2917 601 2957 res
625 2898 729 2981 possit.
753 2916 810 2978 pro
837 2897 926 2956 Rosa.
951 2895 1019 2955 Am.
1043 2917 1071 2953 o.
1096 2895 1129 2954 5.
1155 2894 1248 2956 8:³2·

160 3003 212 3062 oet
242 3004 367 3068 mimine
388 3024 436 3064 rer
464 3006 644 3087 reperietur,
674 3004 868 3088 quantobrem
887 3003 1047 3062 videantur
1070 3003 1121 3062 itti
1140 3004 1245 3062 nonni·

159 3109 206 3168 tut
223 3123 323 3170 tarsen
343 3111 376 3170 in
389 3111 548 3196 dag-firmado
570 3113 688 3184 nomine
709 3113 833 3196 requieti.
854 3132 882 3170 c.
905 3109 957 3172 36.
985 3108 1059 3188 104:
1083 3111 1140 3170 hacc
1159 3131 1241 3170 acoe-

159 3217 224 3293 dit,
247 3217 330 3302 quod
337 3221 433 3302 paulo
459 3234 558 3280 tamen
577 3220 725 3279 occultior
741 3233 830 3302 atque
846 3220 948 3278 tectior
966 3231 1065 3279 cerua
1084 3220 1144 3278 istu
1164 3217 1244 3300 cirpi-

158 3322 239 3389 dtus
259 3338 341 3385 esset.
384 3325 458 3385 Div.
481 3326 513 3384 in
535 3325 626 3384 Caec.
646 3345 675 3383 c.
704 3323 751 3386 15.
776 3322 836 3401 483
858 3324 1044 3406 aliquantum
1062 3323 1203 3395 minicae,
1217 3333 1246 3380 ut

161 3441 192 3488 tu
219 3441 319 3491 rumen
343 3430 464 3514 alrpuid
492 3451 553 3489 essa
577 3430 711 3490 videare.
729 3451 785 3512 pro
814 3433 916 3512 Ligur.
939 3452 966 3490 a.
993 3452 1040 3489 aa.
1064 3427 1124 3508 54:
1146 3431 1251 3513 quisi·

161 3539 282 3598 consilio
311 3539 499 3616 adfecisset,
531 3517 604 3599 esset
622 3559 726 3601 eorum
745 3541 870 3615 sz'nu'lis,
894 3561 966 3623 quos
985 3552 1017 3600 tu
1030 3554 1130 3601 tantan
1150 3540 1246 3598 saluos

159 3665 220 3705 esse
233 3645 364 3705 molienti.

249 3773 295 3834 ¹7·
318 3751 381 3811 HS
396 3751 611 3838 qrradringenta
631 3748 741 3832 millia]
785 3751 820 3811 ln
850 3771 961 3832 magna
979 3748 1118 3813 codicum
1149 3749 1244 3810 varie·

161 3872 222 3924 tate
243 3862 481 3935 tenutissimum
503 3871 622 3938 testem,
643 3860 705 3942 pal.
734 3860 953 3921 Taurinensam
973 3859 1056 3938 sequi
1085 3859 1181 3922 tutius
1203 3857 1244 3914 vi-

161 3967 303 4043 debatur,
333 3967 372 4033 ad
407 3988 498 4050 quem
531 3967 593 4035 duo
626 3966 731 4047 optimi
765 3967 898 4046 proxime
931 3963 1089 4025 accedunt.
1142 3964 1187 4024 Er
1214 3981 1246 4020 re

162 4071 284 4158 quidem
306 4074 382 4146 nihil
403 4075 525 4141 decerni
547 4081 657 4156 potest,
681 4071 820 4155 quamvis
842 4074 913 4133 satis
941 4069 1077 4154 amplum
1110 4071 1244 4134 videatur
