2736 4696
141 275 190 353 60
293 358 296 370 Ι
601 271 760 336 omno

142 461 377 539 ciliationem
400 461 552 564 gratiae.
600 460 704 535 Tene
727 460 821 550 boc,
845 461 951 550 Acci,
977 459 1124 551 dicem,
1150 461 1232 544 tali·
1263 510 1267 515 -

142 584 367 692 prudentia,
393 584 509 658 etiam
534 608 607 660 usu
629 603 747 686 atque
777 585 1048 662 exercitatione
1069 585 1230 691 praedi-'-

141 711 252 786 tuml
273 706 598 812 sapientissimum
622 733 697 783 esse
716 705 853 783 dicunt
874 733 981 798 eum,
1007 709 1087 799 cui,
1114 708 1225 813 quod

141 858 239 938 opus
260 831 328 922 sit,
352 832 424 936 ipsi
447 831 576 906 veniat
598 831 642 906 in
664 814 851 909 mentemt
875 830 1047 938 proxime
1069 832 1225 909 accedo-

141 982 186 1031 te
210 955 333 1044 illum,
364 956 437 1059 qui
460 953 618 1029 alterius
653 954 751 1029 benc
775 954 940 1035 inventis
962 955 1258 1061 obtempereti-

139 1080 188 1153 In
207 1075 372 1153 stultitia
406 1093 541 1151 oontm
577 1092 643 1152 est.
693 1077 829 1153 Minus
862 1078 975 1153 enim·
1000 1079 1141 1155 stultus
1164 1096 1236 1157 est·

139 1199 194 1290 is,
229 1199 293 1275 cui
319 1198 420 1274 nihil
445 1198 489 1275 in
511 1217 679 1276 mentem
701 1197 823 1291 venit,
861 1226 979 1302 quam
1006 1199 1094 1291 ille,
1127 1202 1221 1304 qui,
1265 1262 1268 1267 .

138 1321 247 1426 quod
279 1323 395 1398 stulte
423 1322 533 1397 alteri
557 1323 663 1399 venit
697 1322 739 1398 in
764 1341 949 1414 mentem,
985 1325 1221 1429 comprobat.

139 1449 255 1523 Istam
280 1444 587 1520 conciliationem
610 1445 754 1547 gratiae
769 1446 941 1522 Staienus
966 1465 1050 1523 tum
1072 1448 1219 1523 recenti

141 1598 204 1660 te,
228 1597 353 1673 quum
377 1568 552 1645 faucibus
574 1587 831 1675 premeretur,
856 1569 1099 1674 excogitavit,
1123 1571 1275 1662 sive,1.o-

140 1714 188 1772 ut
211 1694 384 1771 homines
412 1712 496 1770 tum
527 1692 807 1794 loquebantur,
839 1697 933 1769 a·P.
959 1693 1122 1797 Cethego
1152 1693 1221 1769 ad·

140 1815 311 1891 monitus
346 1811 470 1910 [istam
501 1812 609 1890 dedit
632 1814 910 1890 conciliationis
934 1836 972 1893 et
996 1818 1139 1920 gratiae
1162 1818 1241 1894 fa··

81 1948 122 2015 85
142 1934 306 2032 bulam].
352 1938 450 2011 Nam
474 1937 589 2012 fuisse
612 1936 720 2011 hunc
744 1956 827 2011 tum
852 1939 1055 2016 hominum
1079 1967 1237 2019 sermo--
1271 1920 1278 1939 ’

138 2085 247 2148 nem,
279 2055 470 2133 recordari
495 2058 666 2163 potestis:
700 2060 927 2162 Cethegum,
965 2061 1071 2166 quod
1094 2064 1219 2141 homi-

138 2210 229 2260 nem
262 2179 398 2257 odisset
427 2200 466 2257 et
499 2181 606 2285 quod
629 2182 719 2258 'eius
751 2185 1043 2287 improbitatem
1076 2188 1275 2265 versari1⁵²

138 2306 183 2383 in
207 2305 404 2411 republica
429 2309 567 2399 nollet,
603 2327 643 2383 et
665 2306 771 2411 quod
794 2304 966 2399 videret,
1001 2336 1111 2401 eum,
1144 2313 1216 2415 qni

101 2422 104 2429 ’
136 2454 175 2506 se
199 2430 249 2505 ab
274 2454 338 2505 reo
362 2428 589 2532 pecuniam,
612 2455 736 2531 quum
763 2427 880 2505 iudex
902 2448 1013 2520 esset,
1037 2432 1137 2523 clam
1160 2448 1217 2506 at-

136 2578 216 2657 que
239 2571 344 2629 extra
376 2548 552 2626 ordinem
575 2551 758 2656 accepisse
781 2555 969 2630 confessus
1000 2572 1108 2645 emet,
1143 2544 1218 2631 sal·

136 2705 230 2755 vum
262 2702 337 2753 esse
370 2704 450 2752 non
481 2701 605 2772 posse,
639 2671 770 2752 minus
799 2678 835 2752 ei
867 2678 978 2754 fidele
1011 2680 1214 2756 consilium

137 2800 289 2877 dedisse.
339 2803 387 2877 ln
411 2799 484 2876 hoc
507 2799 538 2874 si
563 2800 763 2904 improbus
786 2802 970 2905 Cethegus
993 2802 1085 2892 fuit,
1111 2800 1254 2887 vide-ao

138 2945 204 3003 tur
244 2924 342 3003 mihi
382 2923 639 3000 adversarium
670 2949 861 3000 removere
901 2925 1070 3000 voluisse.
1144 2926 1213 3005 Sin

134 3065 219 3123 erat
242 3046 427 3124 eiusmodi
451 3074 588 3138 causa,
619 3067 665 3123 ut
688 3049 860 3124 Staienus
884 3073 1059 3122 nummos
1089 3073 1128 3123 se
1152 3073 1213 3123 ao-

134 3170 273 3278 cepisse
304 3194 440 3276 negare
473 3196 553 3244 non
578 3187 720 3275 posset,
756 3168 856 3244 nihil
880 3188 1009 3244 autem
1033 3186 1116 3244 erat
1138 3195 1210 3273 pe-

132 3290 334 3371 riculosius
357 3315 428 3369 nec
452 3290 621 3395 turpius,
654 3314 789 3392 quam,
830 3286 1022 3391 adquam
1049 3317 1130 3367 rem
1154 3318 1212 3368 ac

219 3504 265 3571 13.
286 3524 347 3569 om.
367 3515 435 3567 tum

203 3721 226 3761 t·
258 3701 293 3757 td
326 3702 526 3756 conciliationis
557 3700 669 3772 gratiam
696 3703 721 3755 A
728 3701 775 3754 Bb
802 3704 902 3768 (corr.)
981 3701 1033 3755 tall
1061 3701 1144 3754 etiam
1167 3715 1208 3769 pr.

130 3778 147 3840 ξ
216 3775 241 3829 3.
261 3773 490 3844 sapientissimum
508 3772 589 3825 etiam
609 3788 627 3821 o
712 3772 764 3823 dic.
782 3788 840 3824 esse
858 3786 896 3822 αε
1023 3770 1048 3837 d.
1070 3772 1209 3841 proxime]

141 3862 203 3899 tone
222 3841 280 3900 eod.
303 3841 399 3896 Dresd.
443 3842 564 3895 accidere
674 3843 698 3895 5.
717 3842 956 3910 obtemperaretB
1016 3859 1054 3894 tn.
1072 3843 1152 3892 istam
1175 3869 1208 3884 -·

130 3865 250 3971 labulam
268 3932 318 3965 om.
335 3915 387 3969 AB
422 3922 450 3965 et
467 3913 558 3966 om.P
624 3913 678 3972 ι.ξ
732 3913 853 3985 spurium
871 3924 995 3965 censete
1090 3915 1131 3967 13.
1149 3921 1208 3965 tum

130 3985 195 4045 aad.
213 4004 247 4039 ex
267 3984 318 4039 AB
400 3984 438 4037 15.
456 3978 569 4054 odisset]
590 3981 797 4052 occidissetlp
869 3985 907 4036 16.
947 3987 974 4031 ct
992 3997 1042 4034 om.
1061 3998 1080 4030 a
1164 3998 1208 4036 ao.

130 4054 195 4129 tuit]
216 4055 327 4109 lultstat
343 4053 396 4111 ΑΒ
437 4050 619 4125 satiasset]
639 4053 728 4103 inerat
742 4048 1209 4177 depglsiltluopqrstttvwdt

131 4127 154 4183 tl
172 4127 262 4183 lueret
279 4139 319 4179 Μ
354 4140 447 4179 verum
465 4121 593 4195 ineratp
626 4121 670 4179 vel
688 4119 757 4176 adde
796 4124 822 4177 ie
839 4124 864 4175 si
882 4121 971 4181 inerat
987 4123 1056 4190 (sic)
1075 4139 1095 4173 e
