<?xml version="1.0" encoding="UTF-8"?>
<!DOCTYPE html PUBLIC "-//W3C//DTD XHTML 1.0 Transitional//EN"
    "http://www.w3.org/TR/xhtml1/DTD/xhtml1-transitional.dtd">
<html xmlns="http://www.w3.org/1999/xhtml" xml:lang="en" lang="en">
 <head>
  <title>
</title>
<meta http-equiv="Content-Type" content="text/html;charset=utf-8" />
  <meta name='ocr-system' content='tesseract 3.04.00' />
  <meta name='ocr-capabilities' content='ocr_page ocr_carea ocr_par ocr_line ocrx_word'/>
</head>
<body>
  <div class='ocr_page' id='page_1' title='image "./mtulliiciceroni00clasgoog_0211.png"; bbox 0 0 2736 4696; ppageno 0'>
   <div class='ocr_carea' id='block_1_1' title="bbox 188 249 893 368">
    <p class='ocr_par' dir='ltr' id='par_1_1' title="bbox 188 249 893 368">
     <span class='ocr_line' id='line_1_1' title="bbox 188 249 893 368; baseline -0.004 -19"><span class='ocrx_word' id='word_1_1' title='bbox 188 249 193 260; x_wconf 79' lang='grc'><strong>’</strong></span> <span class='ocrx_word' id='word_1_2' title='bbox 240 296 308 368; x_wconf 65' lang='lat' dir='ltr'>,ga</span> <span class='ocrx_word' id='word_1_3' title='bbox 651 286 893 348; x_wconf 75' lang='lat' dir='ltr'>automno</span> 
     </span>
    </p>
   </div>
   <div class='ocr_carea' id='block_1_2' title="bbox 214 463 1360 4190">
    <p class='ocr_par' dir='ltr' id='par_1_2' title="bbox 214 463 1360 4190">
     <span class='ocr_line' id='line_1_2' title="bbox 236 463 1349 555; baseline -0.008 -25"><span class='ocrx_word' id='word_1_4' title='bbox 236 463 318 554; x_wconf 82' lang='lat' dir='ltr'>qnod</span> <span class='ocrx_word' id='word_1_5' title='bbox 340 480 370 530; x_wconf 92' lang='lat' dir='ltr'>et</span> <span class='ocrx_word' id='word_1_6' title='bbox 388 473 436 530; x_wconf 86' lang='lat' dir='ltr'>eni</span> <span class='ocrx_word' id='word_1_7' title='bbox 456 470 566 530; x_wconf 82' lang='lat' dir='ltr'>electa:</span> <span class='ocrx_word' id='word_1_8' title='bbox 592 469 646 532; x_wconf 90' lang='lat' dir='ltr'>sed</span> <span class='ocrx_word' id='word_1_9' title='bbox 665 469 757 546; x_wconf 83' lang='lat' dir='ltr'>nibil,</span> <span class='ocrx_word' id='word_1_10' title='bbox 782 483 875 555; x_wconf 83' lang='lat' dir='ltr'>puto,</span> <span class='ocrx_word' id='word_1_11' title='bbox 900 470 1027 531; x_wconf 86' lang='lat' dir='ltr'>certius:</span> <span class='ocrx_word' id='word_1_12' title='bbox 1050 464 1164 543; x_wconf 83' lang='lat' dir='ltr'>modo,</span> <span class='ocrx_word' id='word_1_13' title='bbox 1191 468 1349 524; x_wconf 84' lang='lat' dir='ltr'>interro·.</span> 
     </span>
     <span class='ocr_line' id='line_1_3' title="bbox 237 569 1328 659; baseline -0.005 -23"><span class='ocrx_word' id='word_1_14' title='bbox 237 578 359 658; x_wconf 88' lang='lat' dir='ltr'>gatione</span> <span class='ocrx_word' id='word_1_15' title='bbox 380 599 475 659; x_wconf 85' lang='lat' dir='ltr'>usque</span> <span class='ocrx_word' id='word_1_16' title='bbox 496 577 533 637; x_wconf 81' lang='lat' dir='ltr'>sd</span> <span class='ocrx_word' id='word_1_17' title='bbox 554 599 607 639; x_wconf 81' lang='lat' dir='ltr'>vv.</span> <span class='ocrx_word' id='word_1_18' title='bbox 633 577 763 659; x_wconf 70' lang='lat' dir='ltr'>effectum</span> <span class='ocrx_word' id='word_1_19' title='bbox 784 593 827 639; x_wconf 85' lang='lat' dir='ltr'>est</span> <span class='ocrx_word' id='word_1_20' title='bbox 846 580 1035 655; x_wconf 87' lang='lat' dir='ltr'>continuata,</span> <span class='ocrx_word' id='word_1_21' title='bbox 1066 594 1137 634; x_wconf 86' lang='lat' dir='ltr'>vera</span> <span class='ocrx_word' id='word_1_22' title='bbox 1158 569 1328 632; x_wconf 85' lang='lat' dir='ltr'>sententiae</span> 
     </span>
     <span class='ocr_line' id='line_1_4' title="bbox 237 681 1327 768; baseline -0.006 -24"><span class='ocrx_word' id='word_1_23' title='bbox 237 687 315 744; x_wconf 89' lang='lat' dir='ltr'>ratio</span> <span class='ocrx_word' id='word_1_24' title='bbox 336 687 524 744; x_wconf 69' lang='lat' dir='ltr'><strong>restituatur.</strong></span> <span class='ocrx_word' id='word_1_25' title='bbox 574 685 654 744; x_wconf 88' lang='lat' dir='ltr'>Nam</span> <span class='ocrx_word' id='word_1_26' title='bbox 671 686 752 761; x_wconf 75' lang='lat' dir='ltr'>¹male</span> <span class='ocrx_word' id='word_1_27' title='bbox 769 687 861 768; x_wconf 85' lang='lat' dir='ltr'>vulgo</span> <span class='ocrx_word' id='word_1_28' title='bbox 882 681 1087 765; x_wconf 86' lang='lat' dir='ltr'>interrogandi</span> <span class='ocrx_word' id='word_1_29' title='bbox 1115 682 1238 759; x_wconf 88' lang='lat' dir='ltr'>siguum</span> <span class='ocrx_word' id='word_1_30' title='bbox 1257 687 1327 758; x_wconf 82' lang='lat' dir='ltr'>post</span> 
     </span>
     <span class='ocr_line' id='line_1_5' title="bbox 237 773 1325 875; baseline -0.009 -23"><span class='ocrx_word' id='word_1_31' title='bbox 237 791 291 852; x_wconf 86' lang='lat' dir='ltr'>vb.</span> <span class='ocrx_word' id='word_1_32' title='bbox 322 792 509 875; x_wconf 79' lang='lat' dir='ltr'><em>requirebant</em></span> <span class='ocrx_word' id='word_1_33' title='bbox 527 793 673 874; x_wconf 88' lang='lat' dir='ltr'>ponitur,</span> <span class='ocrx_word' id='word_1_34' title='bbox 703 793 821 875; x_wconf 88' lang='lat' dir='ltr'>reliqua</span> <span class='ocrx_word' id='word_1_35' title='bbox 841 791 992 853; x_wconf 89' lang='lat' dir='ltr'>narrando</span> <span class='ocrx_word' id='word_1_36' title='bbox 1011 773 1220 849; x_wconf 73' lang='lat' dir='ltr'>enuntiantur.</span> <span class='ocrx_word' id='word_1_37' title='bbox 1264 781 1325 843; x_wconf 90' lang='lat' dir='ltr'>Sed</span> 
     </span>
     <span class='ocr_line' id='line_1_6' title="bbox 238 879 1325 982; baseline -0.008 -23"><span class='ocrx_word' id='word_1_38' title='bbox 238 920 299 965; x_wconf 85' lang='lat' dir='ltr'>una</span> <span class='ocrx_word' id='word_1_39' title='bbox 311 901 560 980; x_wconf 85' lang='lat' dir='ltr'>interrogatione,</span> <span class='ocrx_word' id='word_1_40' title='bbox 584 921 660 981; x_wconf 88' lang='lat' dir='ltr'>quae</span> <span class='ocrx_word' id='word_1_41' title='bbox 681 923 699 960; x_wconf 91' lang='lat' dir='ltr'>a</span> <span class='ocrx_word' id='word_1_42' title='bbox 719 900 865 982; x_wconf 90' lang='lat' dir='ltr'>particula</span> <span class='ocrx_word' id='word_1_43' title='bbox 884 921 948 975; x_wconf 88' lang='lat' dir='ltr'>cnr,</span> <span class='ocrx_word' id='word_1_44' title='bbox 972 879 1119 957; x_wconf 78' lang='lat' dir='ltr'>immerito</span> <span class='ocrx_word' id='word_1_45' title='bbox 1140 891 1325 977; x_wconf 91' lang='lat' dir='ltr'>quibusdam</span> 
     </span>
     <span class='ocr_line' id='line_1_7' title="bbox 238 1000 1325 1087; baseline -0.006 -22"><span class='ocrx_word' id='word_1_46' title='bbox 238 1015 387 1087; x_wconf 82' lang='lat' dir='ltr'>suspecta,</span> <span class='ocrx_word' id='word_1_47' title='bbox 408 1005 539 1086; x_wconf 83' lang='lat' dir='ltr'>pendet,</span> <span class='ocrx_word' id='word_1_48' title='bbox 562 1006 593 1064; x_wconf 93' lang='lat' dir='ltr'>id</span> <span class='ocrx_word' id='word_1_49' title='bbox 608 1005 745 1081; x_wconf 89' lang='lat' dir='ltr'>efficitur,</span> <span class='ocrx_word' id='word_1_50' title='bbox 768 1019 802 1066; x_wconf 92' lang='lat' dir='ltr'>ut</span> <span class='ocrx_word' id='word_1_51' title='bbox 822 1007 939 1066; x_wconf 88' lang='lat' dir='ltr'>diversa</span> <span class='ocrx_word' id='word_1_52' title='bbox 958 1003 1063 1086; x_wconf 88' lang='lat' dir='ltr'>agendi</span> <span class='ocrx_word' id='word_1_53' title='bbox 1083 1004 1162 1061; x_wconf 88' lang='lat' dir='ltr'>ratio</span> <span class='ocrx_word' id='word_1_54' title='bbox 1183 1000 1224 1060; x_wconf 80' lang='lat' dir='ltr'>ab</span> <span class='ocrx_word' id='word_1_55' title='bbox 1242 1009 1325 1059; x_wconf 81' lang='lat' dir='ltr'>utm-</span> 
     </span>
     <span class='ocr_line' id='line_1_8' title="bbox 238 1105 1325 1194; baseline -0.006 -22"><span class='ocrx_word' id='word_1_56' title='bbox 238 1131 298 1192; x_wconf 89' lang='lat' dir='ltr'>que</span> <span class='ocrx_word' id='word_1_57' title='bbox 328 1121 413 1194; x_wconf 86' lang='lat' dir='ltr'>parte</span> <span class='ocrx_word' id='word_1_58' title='bbox 442 1112 609 1194; x_wconf 83' lang='lat' dir='ltr'>insignibus</span> <span class='ocrx_word' id='word_1_59' title='bbox 631 1114 816 1174; x_wconf 89' lang='lat' dir='ltr'>documentis</span> <span class='ocrx_word' id='word_1_60' title='bbox 846 1114 886 1174; x_wconf 91' lang='lat' dir='ltr'>ob</span> <span class='ocrx_word' id='word_1_61' title='bbox 906 1110 1012 1172; x_wconf 87' lang='lat' dir='ltr'>oculos</span> <span class='ocrx_word' id='word_1_62' title='bbox 1033 1119 1176 1191; x_wconf 83' lang='lat' dir='ltr'>ponatur.</span> <span class='ocrx_word' id='word_1_63' title='bbox 1223 1105 1325 1184; x_wconf 70' lang='lat' dir='ltr'>»Quid</span> 
     </span>
     <span class='ocr_line' id='line_1_9' title="bbox 238 1215 1325 1300; baseline -0.002 -25"><span class='ocrx_word' id='word_1_64' title='bbox 238 1217 363 1297; x_wconf 77' lang='lat' dir='ltr'>igitu1·,a</span> <span class='ocrx_word' id='word_1_65' title='bbox 390 1219 488 1298; x_wconf 87' lang='lat' dir='ltr'>inquit</span> <span class='ocrx_word' id='word_1_66' title='bbox 511 1221 622 1300; x_wconf 66' lang='lat' dir='ltr'>»magis</span> <span class='ocrx_word' id='word_1_67' title='bbox 642 1220 829 1296; x_wconf 89' lang='lat' dir='ltr'>mirandum,</span> <span class='ocrx_word' id='word_1_68' title='bbox 855 1240 946 1300; x_wconf 89' lang='lat' dir='ltr'>quam</span> <span class='ocrx_word' id='word_1_69' title='bbox 968 1215 1065 1299; x_wconf 85' lang='lat' dir='ltr'>quod,</span> <span class='ocrx_word' id='word_1_70' title='bbox 1090 1215 1142 1296; x_wconf 87' lang='lat' dir='ltr'>qui</span> <span class='ocrx_word' id='word_1_71' title='bbox 1165 1216 1325 1297; x_wconf 84' lang='lat' dir='ltr'>pecuniam</span> 
     </span>
     <span class='ocr_line' id='line_1_10' title="bbox 240 1321 1323 1405; baseline -0.005 -23"><span class='ocrx_word' id='word_1_72' title='bbox 240 1322 279 1382; x_wconf 86' lang='lat' dir='ltr'>ad</span> <span class='ocrx_word' id='word_1_73' title='bbox 302 1322 557 1404; x_wconf 90' lang='lat' dir='ltr'>corrumpendum</span> <span class='ocrx_word' id='word_1_74' title='bbox 579 1324 736 1405; x_wconf 87' lang='lat' dir='ltr'>dederant,</span> <span class='ocrx_word' id='word_1_75' title='bbox 758 1325 912 1385; x_wconf 79' lang='lat' dir='ltr'>Staienum</span> <span class='ocrx_word' id='word_1_76' title='bbox 931 1345 994 1383; x_wconf 91' lang='lat' dir='ltr'>non</span> <span class='ocrx_word' id='word_1_77' title='bbox 1015 1323 1242 1404; x_wconf 80' lang='lat' dir='ltr'>requisiverint,</span> <span class='ocrx_word' id='word_1_78' title='bbox 1256 1321 1323 1402; x_wconf 87' lang='lat' dir='ltr'>Op·</span> 
     </span>
     <span class='ocr_line' id='line_1_11' title="bbox 240 1427 1325 1514; baseline -0.002 -27"><span class='ocrx_word' id='word_1_79' title='bbox 240 1429 391 1511; x_wconf 86' lang='lat' dir='ltr'>pianicns,</span> <span class='ocrx_word' id='word_1_80' title='bbox 426 1441 530 1488; x_wconf 83' lang='lat' dir='ltr'>contra</span> <span class='ocrx_word' id='word_1_81' title='bbox 563 1433 615 1510; x_wconf 90' lang='lat' dir='ltr'>qui</span> <span class='ocrx_word' id='word_1_82' title='bbox 647 1442 803 1514; x_wconf 87' lang='lat' dir='ltr'>corruptus</span> <span class='ocrx_word' id='word_1_83' title='bbox 841 1453 903 1492; x_wconf 90' lang='lat' dir='ltr'>esse</span> <span class='ocrx_word' id='word_1_84' title='bbox 942 1428 1120 1505; x_wconf 85' lang='lat' dir='ltr'>dicebatur,</span> <span class='ocrx_word' id='word_1_85' title='bbox 1158 1427 1325 1486; x_wconf 85' lang='lat' dir='ltr'>absentiam</span> 
     </span>
     <span class='ocr_line' id='line_1_12' title="bbox 241 1519 1327 1620; baseline -0.003 -26"><span class='ocrx_word' id='word_1_86' title='bbox 241 1536 304 1595; x_wconf 90' lang='lat' dir='ltr'>eius</span> <span class='ocrx_word' id='word_1_87' title='bbox 338 1535 461 1596; x_wconf 87' lang='lat' dir='ltr'>moleste</span> <span class='ocrx_word' id='word_1_88' title='bbox 492 1535 642 1598; x_wconf 76' lang='lat' dir='ltr'>tuleritl«</span> <span class='ocrx_word' id='word_1_89' title='bbox 708 1539 757 1598; x_wconf 90' lang='lat' dir='ltr'>Sic</span> <span class='ocrx_word' id='word_1_90' title='bbox 793 1559 915 1620; x_wconf 90' lang='lat' dir='ltr'>quoque</span> <span class='ocrx_word' id='word_1_91' title='bbox 951 1535 1132 1618; x_wconf 84' lang='lat' dir='ltr'>praestantia</span> <span class='ocrx_word' id='word_1_92' title='bbox 1161 1519 1327 1614; x_wconf 74' lang='lat' dir='ltr'>scripturae</span> 
     </span>
     <span class='ocr_line' id='line_1_13' title="bbox 241 1637 1322 1726; baseline -0.004 -24"><span class='ocrx_word' id='word_1_93' title='bbox 241 1643 419 1726; x_wconf 79' lang='lat' dir='ltr'>querebatur</span> <span class='ocrx_word' id='word_1_94' title='bbox 450 1655 591 1724; x_wconf 83' lang='lat' dir='ltr'>apparet,</span> <span class='ocrx_word' id='word_1_95' title='bbox 625 1665 705 1726; x_wconf 87' lang='lat' dir='ltr'>quae</span> <span class='ocrx_word' id='word_1_96' title='bbox 732 1656 838 1705; x_wconf 84' lang='lat' dir='ltr'>contra</span> <span class='ocrx_word' id='word_1_97' title='bbox 866 1643 1066 1726; x_wconf 88' lang='lat' dir='ltr'>plurimorum</span> <span class='ocrx_word' id='word_1_98' title='bbox 1098 1637 1189 1702; x_wconf 82' lang='lat' dir='ltr'>codd.</span> <span class='ocrx_word' id='word_1_99' title='bbox 1217 1648 1322 1698; x_wconf 87' lang='lat' dir='ltr'>aucto·</span> 
     </span>
     <span class='ocr_line' id='line_1_14' title="bbox 241 1746 1307 1834; baseline -0.007 -24"><span class='ocrx_word' id='word_1_100' title='bbox 241 1751 360 1810; x_wconf 84' lang='lat' dir='ltr'>ritatem</span> <span class='ocrx_word' id='word_1_101' title='bbox 389 1751 528 1810; x_wconf 85' lang='lat' dir='ltr'>deteriori</span> <span class='ocrx_word' id='word_1_102' title='bbox 555 1753 711 1834; x_wconf 80' lang='lat' dir='ltr'>qrtaerebat</span> <span class='ocrx_word' id='word_1_103' title='bbox 740 1755 771 1811; x_wconf 90' lang='lat' dir='ltr'>in</span> <span class='ocrx_word' id='word_1_104' title='bbox 796 1750 945 1833; x_wconf 88' lang='lat' dir='ltr'>plerisque</span> <span class='ocrx_word' id='word_1_105' title='bbox 965 1746 1147 1808; x_wconf 89' lang='lat' dir='ltr'>editionibus</span> <span class='ocrx_word' id='word_1_106' title='bbox 1168 1755 1307 1804; x_wconf 85' lang='lat' dir='ltr'>cesserat.</span> 
     </span>
     <span class='ocr_line' id='line_1_15' title="bbox 324 1849 1323 1940; baseline -0.006 -23"><span class='ocrx_word' id='word_1_107' title='bbox 324 1857 383 1930; x_wconf 85' lang='lat'>60,</span> <span class='ocrx_word' id='word_1_108' title='bbox 412 1878 457 1916; x_wconf 87' lang='grc' dir='ltr'>ιο.</span> <span class='ocrx_word' id='word_1_109' title='bbox 491 1857 591 1940; x_wconf 85' lang='lat' dir='ltr'>[istam</span> <span class='ocrx_word' id='word_1_110' title='bbox 620 1859 701 1919; x_wconf 57' lang='lat' dir='ltr'>dedit</span> <span class='ocrx_word' id='word_1_111' title='bbox 728 1860 941 1920; x_wconf 83' lang='lat' dir='ltr'>conciliationis</span> <span class='ocrx_word' id='word_1_112' title='bbox 969 1871 998 1917; x_wconf 89' lang='lat' dir='ltr'>et</span> <span class='ocrx_word' id='word_1_113' title='bbox 1020 1855 1148 1936; x_wconf 77' lang='lat' dir='ltr'>gratiae</span> <span class='ocrx_word' id='word_1_114' title='bbox 1159 1849 1323 1933; x_wconf 81' lang='lat' dir='ltr'>fabulam]</span> 
     </span>
     <span class='ocr_line' id='line_1_16' title="bbox 243 1960 1325 2048; baseline -0.006 -24"><span class='ocrx_word' id='word_1_115' title='bbox 243 1965 396 2024; x_wconf 87' lang='lat' dir='ltr'>Tenemus</span> <span class='ocrx_word' id='word_1_116' title='bbox 422 1964 454 2028; x_wconf 87' lang='lat' dir='ltr'>h.</span> <span class='ocrx_word' id='word_1_117' title='bbox 489 1964 510 2022; x_wconf 95' lang='lat' dir='ltr'>l.</span> <span class='ocrx_word' id='word_1_118' title='bbox 545 1967 657 2048; x_wconf 84' lang='lat' dir='ltr'>insigne</span> <span class='ocrx_word' id='word_1_119' title='bbox 692 1969 828 2048; x_wconf 89' lang='lat' dir='ltr'>quamvis</span> <span class='ocrx_word' id='word_1_120' title='bbox 856 1976 991 2026; x_wconf 89' lang='lat' dir='ltr'>vetustae</span> <span class='ocrx_word' id='word_1_121' title='bbox 1014 1960 1255 2043; x_wconf 83' lang='lat' dir='ltr'>interpolationis</span> <span class='ocrx_word' id='word_1_122' title='bbox 1278 1980 1325 2019; x_wconf 87' lang='lat' dir='ltr'>ex·</span> 
     </span>
     <span class='ocr_line' id='line_1_17' title="bbox 243 2069 1324 2154; baseline -0.003 -24"><span class='ocrx_word' id='word_1_123' title='bbox 243 2070 399 2152; x_wconf 90' lang='lat' dir='ltr'>emplum,</span> <span class='ocrx_word' id='word_1_124' title='bbox 421 2071 503 2152; x_wconf 88' lang='lat' dir='ltr'>quod</span> <span class='ocrx_word' id='word_1_125' title='bbox 524 2094 707 2154; x_wconf 90' lang='lat' dir='ltr'>quamquam</span> <span class='ocrx_word' id='word_1_126' title='bbox 729 2072 857 2133; x_wconf 88' lang='lat' dir='ltr'>editores</span> <span class='ocrx_word' id='word_1_127' title='bbox 876 2071 1007 2154; x_wconf 86' lang='lat' dir='ltr'>fugerit,</span> <span class='ocrx_word' id='word_1_128' title='bbox 1029 2090 1111 2129; x_wconf 90' lang='lat' dir='ltr'>nunc</span> <span class='ocrx_word' id='word_1_129' title='bbox 1143 2069 1324 2150; x_wconf 87' lang='lat' dir='ltr'>optimorum</span> 
     </span>
     <span class='ocr_line' id='line_1_18' title="bbox 243 2171 1321 2262; baseline -0.006 -23"><span class='ocrx_word' id='word_1_130' title='bbox 243 2178 336 2248; x_wconf 78' lang='lat' dir='ltr'>codd.</span> <span class='ocrx_word' id='word_1_131' title='bbox 360 2200 417 2260; x_wconf 90' lang='lat' dir='ltr'>ope</span> <span class='ocrx_word' id='word_1_132' title='bbox 439 2181 609 2240; x_wconf 90' lang='lat' dir='ltr'>convictum</span> <span class='ocrx_word' id='word_1_133' title='bbox 632 2191 662 2240; x_wconf 88' lang='lat' dir='ltr'>et</span> <span class='ocrx_word' id='word_1_134' title='bbox 684 2180 900 2262; x_wconf 88' lang='lat' dir='ltr'>deprehensum</span> <span class='ocrx_word' id='word_1_135' title='bbox 922 2201 940 2239; x_wconf 90' lang='lat' dir='ltr'>a</span> <span class='ocrx_word' id='word_1_136' title='bbox 961 2171 1101 2254; x_wconf 83' lang='lat' dir='ltr'>nemine,</span> <span class='ocrx_word' id='word_1_137' title='bbox 1136 2186 1232 2258; x_wconf 91' lang='lat' dir='ltr'>puto,</span> <span class='ocrx_word' id='word_1_138' title='bbox 1265 2196 1321 2234; x_wconf 91' lang='lat' dir='ltr'>non</span> 
     </span>
     <span class='ocr_line' id='line_1_19' title="bbox 243 2279 1320 2366; baseline -0.004 -22"><span class='ocrx_word' id='word_1_139' title='bbox 243 2294 430 2366; x_wconf 85' lang='lat' dir='ltr'>agnoscetur.</span> <span class='ocrx_word' id='word_1_140' title='bbox 484 2283 562 2342; x_wconf 89' lang='lat' dir='ltr'>Nam</span> <span class='ocrx_word' id='word_1_141' title='bbox 591 2279 693 2344; x_wconf 81' lang='lat' dir='ltr'>verba</span> <span class='ocrx_word' id='word_1_142' title='bbox 713 2284 783 2362; x_wconf 87' lang='lat' dir='ltr'>illa,</span> <span class='ocrx_word' id='word_1_143' title='bbox 813 2287 837 2343; x_wconf 89' lang='lat' dir='ltr'>si</span> <span class='ocrx_word' id='word_1_144' title='bbox 868 2283 1025 2366; x_wconf 88' lang='lat' dir='ltr'>diligenter</span> <span class='ocrx_word' id='word_1_145' title='bbox 1055 2285 1206 2359; x_wconf 85' lang='lat' dir='ltr'>excutias,</span> <span class='ocrx_word' id='word_1_146' title='bbox 1227 2283 1320 2342; x_wconf 83' lang='lat' dir='ltr'>omnia</span> 
     </span>
     <span class='ocr_line' id='line_1_20' title="bbox 242 2387 1318 2473; baseline -0.002 -25"><span class='ocrx_word' id='word_1_147' title='bbox 242 2389 484 2471; x_wconf 82' lang='lat' dir='ltr'>interpolationis</span> <span class='ocrx_word' id='word_1_148' title='bbox 517 2394 602 2472; x_wconf 87' lang='lat' dir='ltr'>signa</span> <span class='ocrx_word' id='word_1_149' title='bbox 631 2413 703 2473; x_wconf 90' lang='lat' dir='ltr'>prae</span> <span class='ocrx_word' id='word_1_150' title='bbox 736 2413 766 2451; x_wconf 88' lang='lat' dir='ltr'>se</span> <span class='ocrx_word' id='word_1_151' title='bbox 806 2392 915 2464; x_wconf 81' lang='lat' dir='ltr'>serunt,</span> <span class='ocrx_word' id='word_1_152' title='bbox 951 2413 1049 2473; x_wconf 87' lang='lat' dir='ltr'>quum</span> <span class='ocrx_word' id='word_1_153' title='bbox 1079 2391 1186 2450; x_wconf 82' lang='lat' dir='ltr'>fictum</span> <span class='ocrx_word' id='word_1_154' title='bbox 1215 2387 1318 2450; x_wconf 91' lang='lat' dir='ltr'>vulnus</span> 
     </span>
     <span class='ocr_line' id='line_1_21' title="bbox 244 2494 1317 2560; baseline -0.001 -4"><span class='ocrx_word' id='word_1_155' title='bbox 244 2494 356 2556; x_wconf 86' lang='lat' dir='ltr'>infelici</span> <span class='ocrx_word' id='word_1_156' title='bbox 377 2497 554 2558; x_wconf 88' lang='lat' dir='ltr'>emendandi</span> <span class='ocrx_word' id='word_1_157' title='bbox 576 2498 675 2558; x_wconf 89' lang='lat' dir='ltr'>studio</span> <span class='ocrx_word' id='word_1_158' title='bbox 695 2519 800 2558; x_wconf 89' lang='lat' dir='ltr'>sanare</span> <span class='ocrx_word' id='word_1_159' title='bbox 821 2510 977 2560; x_wconf 88' lang='lat' dir='ltr'>conentur.</span> <span class='ocrx_word' id='word_1_160' title='bbox 1029 2495 1110 2557; x_wconf 92' lang='lat' dir='ltr'>lllud</span> <span class='ocrx_word' id='word_1_161' title='bbox 1131 2499 1214 2557; x_wconf 90' lang='lat' dir='ltr'>enim</span> <span class='ocrx_word' id='word_1_162' title='bbox 1235 2496 1317 2557; x_wconf 89' lang='lat' dir='ltr'>libra-</span> 
     </span>
     <span class='ocr_line' id='line_1_22' title="bbox 241 2603 1312 2686; baseline -0.001 -23"><span class='ocrx_word' id='word_1_163' title='bbox 241 2603 324 2663; x_wconf 90' lang='lat' dir='ltr'>rium</span> <span class='ocrx_word' id='word_1_164' title='bbox 356 2603 487 2685; x_wconf 86' lang='lat' dir='ltr'>aliquem</span> <span class='ocrx_word' id='word_1_165' title='bbox 521 2604 691 2666; x_wconf 85' lang='lat' dir='ltr'>offendebat</span> <span class='ocrx_word' id='word_1_166' title='bbox 725 2606 808 2686; x_wconf 91' lang='lat' dir='ltr'>quod</span> <span class='ocrx_word' id='word_1_167' title='bbox 838 2605 978 2666; x_wconf 82' lang='lat' dir='ltr'>Staienus</span> <span class='ocrx_word' id='word_1_168' title='bbox 1006 2605 1200 2665; x_wconf 86' lang='lat' dir='ltr'>mendacium</span> <span class='ocrx_word' id='word_1_169' title='bbox 1236 2623 1312 2665; x_wconf 85' lang='lat' dir='ltr'>suun</span> 
     </span>
     <span class='ocr_line' id='line_1_23' title="bbox 243 2711 1313 2796; baseline -0.001 -27"><span class='ocrx_word' id='word_1_170' title='bbox 243 2719 295 2770; x_wconf 86' lang='lat' dir='ltr'>aut</span> <span class='ocrx_word' id='word_1_171' title='bbox 316 2713 490 2773; x_wconf 87' lang='lat' dir='ltr'>necessitate</span> <span class='ocrx_word' id='word_1_172' title='bbox 505 2713 647 2787; x_wconf 76' lang='lat' dir='ltr'>adactuS‚</span> <span class='ocrx_word' id='word_1_173' title='bbox 671 2715 850 2796; x_wconf 85' lang='lat' dir='ltr'>excogitasse</span> <span class='ocrx_word' id='word_1_174' title='bbox 870 2715 1039 2790; x_wconf 89' lang='lat' dir='ltr'>diceretur,</span> <span class='ocrx_word' id='word_1_175' title='bbox 1074 2722 1169 2772; x_wconf 87' lang='lat' dir='ltr'>anta</span> <span class='ocrx_word' id='word_1_176' title='bbox 1192 2711 1313 2792; x_wconf 86' lang='lat' dir='ltr'>Cethego</span> 
     </span>
     <span class='ocr_line' id='line_1_24' title="bbox 242 2816 1309 2899; baseline -0.004 -20"><span class='ocrx_word' id='word_1_177' title='bbox 242 2816 422 2886; x_wconf 82' lang='lat' dir='ltr'>admonitus.</span> <span class='ocrx_word' id='word_1_178' title='bbox 477 2819 559 2899; x_wconf 83' lang='lat' dir='ltr'>Quid</span> <span class='ocrx_word' id='word_1_179' title='bbox 588 2823 694 2881; x_wconf 85' lang='lat' dir='ltr'>enim?</span> <span class='ocrx_word' id='word_1_180' title='bbox 725 2821 815 2896; x_wconf 86' lang='lat' dir='ltr'>Quod</span> <span class='ocrx_word' id='word_1_181' title='bbox 843 2821 881 2880; x_wconf 90' lang='lat' dir='ltr'>ah</span> <span class='ocrx_word' id='word_1_182' title='bbox 901 2819 961 2881; x_wconf 90' lang='lat' dir='ltr'>alio</span> <span class='ocrx_word' id='word_1_183' title='bbox 983 2819 1183 2894; x_wconf 89' lang='lat' dir='ltr'>admonetur,</span> <span class='ocrx_word' id='word_1_184' title='bbox 1209 2819 1239 2880; x_wconf 91' lang='lat' dir='ltr'>id</span> <span class='ocrx_word' id='word_1_185' title='bbox 1259 2837 1309 2877; x_wconf 89' lang='lat' dir='ltr'>non</span> 
     </span>
     <span class='ocr_line' id='line_1_25' title="bbox 242 2910 1360 3008; baseline -0.005 -24"><span class='ocrx_word' id='word_1_186' title='bbox 242 2925 399 3008; x_wconf 81' lang='lat' dir='ltr'>excogitat.</span> <span class='ocrx_word' id='word_1_187' title='bbox 449 2922 655 3005; x_wconf 85' lang='lat' dir='ltr'>Quamobrem</span> <span class='ocrx_word' id='word_1_188' title='bbox 682 2928 764 2988; x_wconf 91' lang='lat' dir='ltr'>aliud</span> <span class='ocrx_word' id='word_1_189' title='bbox 795 2928 921 2990; x_wconf 87' lang='lat' dir='ltr'>verbum</span> <span class='ocrx_word' id='word_1_190' title='bbox 953 2926 1125 2987; x_wconf 90' lang='lat' dir='ltr'>addendum</span> <span class='ocrx_word' id='word_1_191' title='bbox 1146 2926 1308 2988; x_wconf 85' lang='lat' dir='ltr'>videbatur:</span> <span class='ocrx_word' id='word_1_192' title='bbox 1356 2910 1360 2955; x_wconf 60' lang='lat'>*¹</span> 
     </span>
     <span class='ocr_line' id='line_1_26' title="bbox 243 3026 1309 3117; baseline -0.002 -27"><span class='ocrx_word' id='word_1_193' title='bbox 243 3026 334 3097; x_wconf 89' lang='lat' dir='ltr'>modo</span> <span class='ocrx_word' id='word_1_194' title='bbox 352 3033 411 3094; x_wconf 91' lang='lat' dir='ltr'>hoc</span> <span class='ocrx_word' id='word_1_195' title='bbox 431 3035 521 3117; x_wconf 88' lang='lat' dir='ltr'>paulo</span> <span class='ocrx_word' id='word_1_196' title='bbox 542 3034 693 3096; x_wconf 87' lang='lat' dir='ltr'>sollertius</span> <span class='ocrx_word' id='word_1_197' title='bbox 714 3036 912 3117; x_wconf 88' lang='lat' dir='ltr'>excogitatum</span> <span class='ocrx_word' id='word_1_198' title='bbox 934 3044 1020 3095; x_wconf 84' lang='lat' dir='ltr'>esset.</span> <span class='ocrx_word' id='word_1_199' title='bbox 1040 3035 1146 3093; x_wconf 90' lang='lat' dir='ltr'>Cicero</span> <span class='ocrx_word' id='word_1_200' title='bbox 1160 3049 1309 3114; x_wconf 86' lang='lat' dir='ltr'>numquam</span> 
     </span>
     <span class='ocr_line' id='line_1_27' title="bbox 242 3137 1309 3224; baseline -0.003 -26"><span class='ocrx_word' id='word_1_201' title='bbox 242 3159 336 3201; x_wconf 88' lang='lat' dir='ltr'>uuam</span> <span class='ocrx_word' id='word_1_202' title='bbox 357 3143 534 3224; x_wconf 88' lang='lat' dir='ltr'>sententiam</span> <span class='ocrx_word' id='word_1_203' title='bbox 554 3143 659 3204; x_wconf 88' lang='lat' dir='ltr'>iisdem</span> <span class='ocrx_word' id='word_1_204' title='bbox 680 3143 743 3204; x_wconf 87' lang='lat' dir='ltr'>sere</span> <span class='ocrx_word' id='word_1_205' title='bbox 764 3142 863 3204; x_wconf 90' lang='lat' dir='ltr'>verbis</span> <span class='ocrx_word' id='word_1_206' title='bbox 884 3153 914 3202; x_wconf 92' lang='lat' dir='ltr'>et</span> <span class='ocrx_word' id='word_1_207' title='bbox 935 3162 1055 3202; x_wconf 85' lang='lat' dir='ltr'>exorsus</span> <span class='ocrx_word' id='word_1_208' title='bbox 1075 3152 1173 3214; x_wconf 87' lang='lat' dir='ltr'>esset,</span> <span class='ocrx_word' id='word_1_209' title='bbox 1194 3149 1224 3201; x_wconf 92' lang='lat' dir='ltr'>et</span> <span class='ocrx_word' id='word_1_210' title='bbox 1244 3137 1309 3199; x_wconf 87' lang='lat' dir='ltr'>elau·</span> 
     </span>
     <span class='ocr_line' id='line_1_28' title="bbox 244 3246 1309 3330; baseline -0.001 -24"><span class='ocrx_word' id='word_1_211' title='bbox 244 3246 351 3308; x_wconf 85' lang='lat' dir='ltr'>sisset:</span> <span class='ocrx_word' id='word_1_212' title='bbox 374 3250 459 3310; x_wconf 85' lang='lat' dir='ltr'>istam</span> <span class='ocrx_word' id='word_1_213' title='bbox 480 3252 717 3311; x_wconf 84' lang='lat' dir='ltr'>conciliationem</span> <span class='ocrx_word' id='word_1_214' title='bbox 737 3250 855 3330; x_wconf 80' lang='lat' dir='ltr'>gratiae</span> <span class='ocrx_word' id='word_1_215' title='bbox 875 3285 917 3296; x_wconf 90' lang='lat'>—-</span> <span class='ocrx_word' id='word_1_216' title='bbox 947 3253 1033 3310; x_wconf 81' lang='lat' dir='ltr'>isnnn</span> <span class='ocrx_word' id='word_1_217' title='bbox 1060 3247 1269 3308; x_wconf 77' lang='lat' dir='ltr'>conciliationis</span> <span class='ocrx_word' id='word_1_218' title='bbox 1289 3251 1309 3299; x_wconf 78' lang='lat' dir='ltr'>et</span> 
     </span>
     <span class='ocr_line' id='line_1_29' title="bbox 214 3349 1308 3434; baseline -0.003 -20"><span class='ocrx_word' id='word_1_219' title='bbox 214 3415 218 3425; x_wconf 65' lang='grc'><em>,</em></span> <span class='ocrx_word' id='word_1_220' title='bbox 241 3355 358 3434; x_wconf 69' lang='lat' dir='ltr'>gratiae</span> <span class='ocrx_word' id='word_1_221' title='bbox 377 3357 535 3434; x_wconf 83' lang='lat' dir='ltr'>sabnlam.</span> <span class='ocrx_word' id='word_1_222' title='bbox 561 3391 594 3403; x_wconf 88' lang='lat'>-</span> <span class='ocrx_word' id='word_1_223' title='bbox 641 3357 684 3417; x_wconf 85' lang='lat' dir='ltr'>At</span> <span class='ocrx_word' id='word_1_224' title='bbox 713 3378 774 3416; x_wconf 91' lang='lat' dir='ltr'>non</span> <span class='ocrx_word' id='word_1_225' title='bbox 802 3367 873 3417; x_wconf 89' lang='lat' dir='ltr'>sunt</span> <span class='ocrx_word' id='word_1_226' title='bbox 904 3357 1006 3416; x_wconf 87' lang='lat' dir='ltr'>eadem</span> <span class='ocrx_word' id='word_1_227' title='bbox 1036 3355 1147 3430; x_wconf 88' lang='lat' dir='ltr'>verba,</span> <span class='ocrx_word' id='word_1_228' title='bbox 1171 3356 1247 3415; x_wconf 89' lang='lat' dir='ltr'>dicat</span> <span class='ocrx_word' id='word_1_229' title='bbox 1267 3349 1308 3411; x_wconf 88' lang='lat' dir='ltr'>ali·</span> 
     </span>
     <span class='ocr_line' id='line_1_30' title="bbox 242 3459 1306 3544; baseline -0.007 -18"><span class='ocrx_word' id='word_1_230' title='bbox 242 3459 324 3540; x_wconf 77' lang='lat' dir='ltr'>quis·</span> <span class='ocrx_word' id='word_1_231' title='bbox 347 3492 388 3507; x_wconf 88' lang='lat'><em>-</em></span> <span class='ocrx_word' id='word_1_232' title='bbox 439 3463 517 3525; x_wconf 87' lang='lat' dir='ltr'>Sane</span> <span class='ocrx_word' id='word_1_233' title='bbox 545 3479 607 3526; x_wconf 84' lang='lat' dir='ltr'>non</span> <span class='ocrx_word' id='word_1_234' title='bbox 628 3474 719 3524; x_wconf 86' lang='lat' dir='ltr'>sunt:</span> <span class='ocrx_word' id='word_1_235' title='bbox 749 3484 820 3523; x_wconf 89' lang='lat' dir='ltr'>nam</span> <span class='ocrx_word' id='word_1_236' title='bbox 842 3461 984 3544; x_wconf 90' lang='lat' dir='ltr'>quicquid</span> <span class='ocrx_word' id='word_1_237' title='bbox 1005 3463 1206 3544; x_wconf 88' lang='lat' dir='ltr'>posteriorum</span> <span class='ocrx_word' id='word_1_238' title='bbox 1226 3470 1306 3520; x_wconf 73' lang='lat' dir='ltr'>nont</span> 
     </span>
     <span class='ocr_line' id='line_1_31' title="bbox 214 3561 1307 3650; baseline 0.003 -28"><span class='ocrx_word' id='word_1_239' title='bbox 214 3642 216 3647; x_wconf 23' lang='grc' dir='ltr'>Ι</span> <span class='ocrx_word' id='word_1_240' title='bbox 242 3562 387 3626; x_wconf 88' lang='lat' dir='ltr'>Cicerone</span> <span class='ocrx_word' id='word_1_241' title='bbox 415 3579 568 3650; x_wconf 90' lang='lat' dir='ltr'>sumptum</span> <span class='ocrx_word' id='word_1_242' title='bbox 600 3579 665 3650; x_wconf 92' lang='lat' dir='ltr'>est,</span> <span class='ocrx_word' id='word_1_243' title='bbox 697 3589 863 3650; x_wconf 88' lang='lat' dir='ltr'>numquam</span> <span class='ocrx_word' id='word_1_244' title='bbox 889 3589 907 3628; x_wconf 93' lang='lat' dir='ltr'>a</span> <span class='ocrx_word' id='word_1_245' title='bbox 935 3568 1078 3628; x_wconf 90' lang='lat' dir='ltr'>Cicerone</span> <span class='ocrx_word' id='word_1_246' title='bbox 1107 3569 1206 3650; x_wconf 92' lang='lat' dir='ltr'>potuit</span> <span class='ocrx_word' id='word_1_247' title='bbox 1232 3561 1307 3648; x_wconf 82' lang='lat' dir='ltr'>profi·</span> 
     </span>
     <span class='ocr_line' id='line_1_32' title="bbox 240 3665 1304 3756; baseline -0.008 -19"><span class='ocrx_word' id='word_1_248' title='bbox 240 3671 322 3751; x_wconf 71' lang='lat' dir='ltr'>cisci-</span> <span class='ocrx_word' id='word_1_249' title='bbox 344 3671 422 3733; x_wconf 90' lang='lat' dir='ltr'>Nam</span> <span class='ocrx_word' id='word_1_250' title='bbox 445 3678 576 3756; x_wconf 88' lang='lat' dir='ltr'>primum</span> <span class='ocrx_word' id='word_1_251' title='bbox 596 3676 684 3738; x_wconf 90' lang='lat' dir='ltr'>docta</span> <span class='ocrx_word' id='word_1_252' title='bbox 704 3678 761 3737; x_wconf 90' lang='lat' dir='ltr'>ista</span> <span class='ocrx_word' id='word_1_253' title='bbox 781 3675 877 3756; x_wconf 84' lang='lat' dir='ltr'>figura</span> <span class='ocrx_word' id='word_1_254' title='bbox 897 3675 953 3735; x_wconf 70' lang='grc' dir='ltr'>τοῦ</span> <span class='ocrx_word' id='word_1_255' title='bbox 971 3665 1039 3746; x_wconf 76' lang='grc' dir='ltr'>ἑνὸς</span> <span class='ocrx_word' id='word_1_256' title='bbox 1063 3670 1117 3734; x_wconf 75' lang='grc' dir='ltr'>διὰ</span> <span class='ocrx_word' id='word_1_257' title='bbox 1134 3673 1222 3736; x_wconf 76' lang='grc' dir='ltr'>δυοῖν</span> <span class='ocrx_word' id='word_1_258' title='bbox 1243 3676 1304 3752; x_wconf 47' lang='lat' dir='ltr'>(eoae</span> 
     </span>
     <span class='ocr_line' id='line_1_33' title="bbox 242 3760 1305 3868; baseline 0.003 -32"><span class='ocrx_word' id='word_1_259' title='bbox 242 3777 354 3839; x_wconf 74' lang='lat' dir='ltr'>citatio</span> <span class='ocrx_word' id='word_1_260' title='bbox 384 3794 414 3841; x_wconf 90' lang='lat' dir='ltr'>et</span> <span class='ocrx_word' id='word_1_261' title='bbox 439 3783 557 3868; x_wconf 81' lang='lat' dir='ltr'>gratia)</span> <span class='ocrx_word' id='word_1_262' title='bbox 595 3805 672 3865; x_wconf 90' lang='lat' dir='ltr'>quae</span> <span class='ocrx_word' id='word_1_263' title='bbox 702 3788 879 3865; x_wconf 87' lang='lat' dir='ltr'>interpretes</span> <span class='ocrx_word' id='word_1_264' title='bbox 911 3783 976 3842; x_wconf 89' lang='lat' dir='ltr'>iure</span> <span class='ocrx_word' id='word_1_265' title='bbox 996 3760 1137 3855; x_wconf 77' lang='lat' dir='ltr'>vexavit,</span> <span class='ocrx_word' id='word_1_266' title='bbox 1162 3780 1257 3851; x_wconf 78' lang='lat' dir='ltr'>infelix</span> <span class='ocrx_word' id='word_1_267' title='bbox 1273 3780 1305 3834; x_wconf 75' lang='lat' dir='ltr'>etl</span> 
     </span>
     <span class='ocr_line' id='line_1_34' title="bbox 243 3885 1304 3975; baseline 0.006 -31"><span class='ocrx_word' id='word_1_268' title='bbox 243 3897 448 3947; x_wconf 85' lang='lat' dir='ltr'>commentum</span> <span class='ocrx_word' id='word_1_269' title='bbox 478 3889 509 3948; x_wconf 93' lang='lat' dir='ltr'>in</span> <span class='ocrx_word' id='word_1_270' title='bbox 540 3893 669 3975; x_wconf 85' lang='lat' dir='ltr'>simplici</span> <span class='ocrx_word' id='word_1_271' title='bbox 700 3895 883 3954; x_wconf 86' lang='lat' dir='ltr'>narratione.</span> <span class='ocrx_word' id='word_1_272' title='bbox 928 3892 1008 3951; x_wconf 88' lang='lat' dir='ltr'>Tum</span> <span class='ocrx_word' id='word_1_273' title='bbox 1025 3892 1171 3970; x_wconf 80' lang='lat' dir='ltr'>fitbnlam</span> <span class='ocrx_word' id='word_1_274' title='bbox 1192 3885 1304 3968; x_wconf 76' lang='lat' dir='ltr'>interpr</span> 
     </span>
     <span class='ocr_line' id='line_1_35' title="bbox 242 3984 1303 4080; baseline 0.007 -28"><span class='ocrx_word' id='word_1_275' title='bbox 242 3989 321 4053; x_wconf 83' lang='lat' dir='ltr'>lator</span> <span class='ocrx_word' id='word_1_276' title='bbox 340 4001 450 4076; x_wconf 81' lang='lat' dir='ltr'>aperte</span> <span class='ocrx_word' id='word_1_277' title='bbox 462 4006 523 4056; x_wconf 83' lang='lat' dir='ltr'>non</span> <span class='ocrx_word' id='word_1_278' title='bbox 543 3998 713 4060; x_wconf 88' lang='lat' dir='ltr'>comoediae</span> <span class='ocrx_word' id='word_1_279' title='bbox 733 4019 844 4078; x_wconf 88' lang='lat' dir='ltr'>sensu,</span> <span class='ocrx_word' id='word_1_280' title='bbox 865 3997 946 4080; x_wconf 92' lang='lat' dir='ltr'>quod</span> <span class='ocrx_word' id='word_1_281' title='bbox 967 3997 1063 4058; x_wconf 90' lang='lat' dir='ltr'>voluit</span> <span class='ocrx_word' id='word_1_282' title='bbox 1083 3986 1240 4071; x_wconf 78' lang='lat' dir='ltr'>Orellius,</span> <span class='ocrx_word' id='word_1_283' title='bbox 1264 3984 1303 4052; x_wconf 63' lang='lat' dir='ltr'>sed</span> 
     </span>
     <span class='ocr_line' id='line_1_36' title="bbox 241 4099 1314 4190; baseline 0.002 -32"><span class='ocrx_word' id='word_1_284' title='bbox 241 4110 301 4180; x_wconf 62' lang='lat' dir='ltr'>pro*</span> <span class='ocrx_word' id='word_1_285' title='bbox 328 4099 487 4163; x_wconf 75' lang='lat' dir='ltr'>mendacio·</span> <span class='ocrx_word' id='word_1_286' title='bbox 512 4103 627 4185; x_wconf 77' lang='lat' dir='ltr'>posuit:</span> <span class='ocrx_word' id='word_1_287' title='bbox 659 4103 743 4189; x_wconf 80' lang='lat' dir='ltr'>quod</span> <span class='ocrx_word' id='word_1_288' title='bbox 772 4104 877 4166; x_wconf 88' lang='lat' dir='ltr'>Cicero</span> <span class='ocrx_word' id='word_1_289' title='bbox 906 4104 1024 4166; x_wconf 85' lang='lat' dir='ltr'>nonnisi</span> <span class='ocrx_word' id='word_1_290' title='bbox 1059 4102 1180 4168; x_wconf 70' lang='lat' dir='ltr'>idoneo</span> <span class='ocrx_word' id='word_1_291' title='bbox 1193 4099 1314 4190; x_wconf 57' lang='lat' dir='ltr'>epitheto*</span> 
     </span>
    </p>
   </div>
   <div class='ocr_carea' id='block_1_3' title="bbox 0 0 1382 4696">
    <p class='ocr_par' dir='ltr' id='par_1_3' title="bbox 0 0 1382 4696">
     <span class='ocr_line' id='line_1_37' title="bbox 0 0 1382 4696; baseline 0 0"><span class='ocrx_word' id='word_1_292' title='bbox 0 0 1382 4696; x_wconf 95' lang='lat' dir='ltr'> </span> 
     </span>
    </p>
   </div>
  </div>
 </body>
</html>
