2736 4696
213 266 258 344 ,5
334 335 338 348 ,
664 257 827 326 omme

206 443 462 551 heredemque
485 444 597 524 Num.
619 447 791 552 Magium
814 445 973 525 fratrem
996 445 1167 552 reliquit·
1219 449 1290 525 Po-

204 591 280 652 stea
297 570 441 674 Magia,
466 597 563 646 uxor
579 571 804 678 Oppianici,
826 589 1070 649 mortuaest:
1095 589 1287 678 postremo

202 723 322 788 unus,
345 695 415 800 qui
439 695 611 799 reliquus
629 713 726 787 erat,
750 696 919 772 Dinaeae
937 681 1059 789 filius,
1081 697 1290 774 Num-Mn·

202 821 303 924 gius,
335 837 389 895 est
411 835 598 899 mortuus.
644 822 681 895 Is
703 817 883 896 heredem
905 818 997 898 fecit
1020 819 1135 896 illum
1158 817 1287 897 adole-

158 971 161 977 ·
201 962 368 1021 suentem
399 940 677 1048 Oppianicum,
715 942 861 1036 sororis!
884 969 973 1020 suae
998 943 1144 1035 filium,
1177 938 1321 1023 eum-d

199 1090 277 1170 que
300 1064 438 1171 partiri
462 1089 552 1140 cum
566 1062 714 1141 Dinaea
729 1081 851 1148 matre
871 1063 989 1141 iussit·
1040 1064 1203 1144 Interim
1222 1092 1286 1143 ve-

198 1189 261 1264 nit
284 1185 399 1265 index
421 1186 472 1266 ad
488 1187 693 1281 Dinaeam,
719 1213 845 1293 neque
865 1188 1045 1266 ohseumu
1072 1213 1199 1295 neque
1223 1191 1285 1271 iu·

189 1317 340 1403 bertus,
365 1313 434 1414 qui
458 1312 658 1389 nuntiaret
680 1311 735 1398 ei,
760 1312 887 1390 filium
910 1313 1010 1404 eiua,
1034 1314 1088 1391 M.
1098 1312 1282 1409 Aurium,

130 1451 170 1495 2²
194 1433 320 1512 vivere
342 1453 382 1512 et
405 1437 449 1513 in
464 1462 553 1539 agro
564 1433 714 1512 Gallico
730 1459 805 1512 esse
821 1433 866 1513 iu
884 1437 1076 1514 servitute.
1122 1416 1281 1532 Mulier,

196 1557 339 1634 amissis
362 1558 506 1656 liberis,
531 1585 655 1663 quum
678 1556 796 1634 unius
818 1557 1074 1664 recuperandi
1098 1559 1171 1636 filii
1194 1567 1321 1667 speeie

193 1700 286 1759 esset
309 1670 509 1768 ostentata,
535 1709 664 1760 omnes
687 1708 774 1761 suos
792 1685 1030 1791 propinquos
1049 1682 1198 1789 filiique
1215 1684 1278 1763 sui

189 1804 415 1893 necessarios
438 1807 673 1898 convocavit,
710 1824 750 1883 et
772 1804 820 1882 ab
844 1806 905 1884 his
928 1806 1024 1884 flens
1047 1807 1203 1913 petivit,
1228 1825 1278 1886 ut

189 1928 388 2031 negotium
411 1929 662 2034 susciperent,
687 1927 961 2009 adolescentem
985 1930 1274 2032 investigarent,

188 2049 263 2129 eibi
287 2051 532 2129 restituerent
554 2077 644 2128 eum
669 2051 816 2154 filium,
849 2077 967 2156 quem
992 2070 1121 2130 tamen
1144 2078 1275 2131 uuum

188 2198 235 2251 ex
257 2173 389 2252 multis
411 2173 568 2251 fortuna
601 2171 799 2277 reliquum
827 2198 902 2250 esse
932 2173 1118 2250 voluisset.
1164 2174 1312 2255 flaons

187 2325 312 2405 quum
336 2324 443 2403 agere
466 2298 705 2391 instituisset,
732 2323 904 2404 oppressa
928 2298 1062 2374 morbo
1081 2313 1145 2373 est.
1194 2302 1271 2374 Ita·

185 2450 264 2528 que
288 2441 554 2501 testamentum
578 2421 669 2499 fecit
691 2420 894 2512 eiusmodi,
927 2438 975 2497 ut
1010 2421 1069 2499 illi
1096 2412 1176 2495 filio
1199 2421 1269 2498 HS

136 2582 139 2587 ·
184 2544 466 2650 quadringenta
498 2542 623 2621 millia
655 2543 814 2646 legaret,
845 2541 1025 2619 heredem
1049 2542 1268 2619 institueret

184 2669 350 2751 eundem
402 2669 517 2750 illum
565 2665 853 2775 Oppianicum,
898 2685 1079 2776 nepotem
1120 2693 1265 2744 suum:

269 2874 295 2919 1.
317 2851 373 2920 en
393 2853 473 2936 Mag.
493 2851 616 2915 fratrem
636 2869 725 2912 suum
807 2848 837 2915 ὅ.
856 2847 913 2918 Cn.
926 2849 1003 2910 Μ.’
1053 2847 1084 2928 4.
1103 2804 1177 2908 feeit
1194 2836 1262 2912 her.

262 2935 390 3080 hillidii
410 2957 469 3030 res.
575 2932 623 3015 ¹4·
642 2943 759 3017 tantum
779 2951 875 2993 unum
959 2952 1008 3016 ¹7·
1027 2931 1079 2995 HS
1099 2950 1310 3014 sesemen,

254 3189 561 3257 1.Nnm‚ABb(corr)
613 3185 722 3255 endo
755 3189 866 3243 fratrem
883 3187 1024 3243 retAec
1057 3189 1167 3243 fratrem
1176 3204 1258 3243 suum

182 3261 231 3313 rel.
250 3261 306 3315 ΒΟ
412 3279 436 3314 n.
473 3266 609 3330 postremo
654 3267 748 3328 postea
768 3261 790 3312 C
813 3265 901 3332 (apr.
921 3267 970 3324 m)
1075 3261 1099 3313 3.
1134 3259 1257 3312 Dianeae

181 3334 207 3383 A
240 3330 313 3382 filius
331 3348 380 3382 om.
400 3347 446 3381 no
480 3330 559 3382 Num
576 3333 600 3382 A
638 3329 770 3397 b(corrj
806 3329 852 3382 Cn.
874 3331 928 3383 130
961 3329 986 3398 4.
1008 3335 1129 3382 mortuus
1147 3332 1258 3383 estAB

179 3399 308 3453 heredem
329 3400 397 3453 fecit
421 3400 507 3453 Aac
595 3397 661 3451 iecit
688 3398 815 3452 heredem
838 3400 896 3454 ΕΟ
981 3399 1214 3451 adolescentulum
1232 3403 1257 3452 A

180 3473 207 3529 5.
232 3473 330 3522 sororis
349 3471 434 3522 filium
453 3469 585 3522 suaeAB
687 3472 712 3522 ἀ
733 3470 850 3523 Dinaea:
878 3469 943 3522 hinc
960 3472 984 3522 A
1000 3487 1054 3542 quo
1074 3485 1108 3522 ue
1125 3481 1257 3522 constan·

178 3553 222 3594 ter
239 3539 441 3614 hancfhrmnm
458 3539 572 3597 exhibet.
624 3538 733 3591 interim
756 3537 842 3613 venit]
861 3539 1010 3593 intervenit
1027 3489 1079 3592 Ah
1126 3561 1129 3566 ⁴
1165 3556 1189 3608 7.
1208 3539 1255 3591 iu-

178 3611 232 3666 dex
257 3625 299 3662 αε
403 3615 430 3664 8.
465 3612 492 3664 ei
509 3628 560 3667 om.
579 3621 618 3660 αε
669 3610 700 3661 Δ.
716 3609 779 3662 Aur.
800 3627 820 3662 n
933 3626 971 3663 ιο.
1005 3609 1184 3678 recuperandi
1202 3609 1255 3662 filii

178 3681 255 3737 Aee
274 3681 316 3752 (C.
339 3678 453 3751 accip).
481 3680 518 3731 fil.
537 3694 626 3745 recnp.
645 3678 702 3733 ΗΟ
806 3698 846 3733 ιι.
864 3680 1052 3749 omnesqueB
1086 3681 1128 3732 sui
1145 3678 1197 3732 filii
1214 3692 1255 3731 ut

183 3770 225 3810 12.
243 3751 287 3804 his
304 3746 934 3822 ABbcdeshnqrstuvwaydtt‘qtprf
989 3748 1028 3801 eis
1052 3747 1074 3800 C
1126 3749 1161 3800 iis
1184 3766 1253 3822 agp

179 3824 256 3893 vulg.
274 3820 321 3886 (de
340 3820 537 3875 Oroniensibus
573 3836 649 3872 arum
664 3826 784 3886 constat)
862 3817 900 3887 rh.
922 3827 1012 3870 tamen
1029 3822 1053 3871 A
1061 3819 1199 3872 Bcatci
1207 3838 1252 3892 ηρ
1281 3822 1284 3837 '

179 3904 338 3944 rstueee
376 3902 433 3945 tum
454 3889 512 3948 cod.
530 3838 575 3943 Ἐξ.
593 3891 632 3950 νξ
665 3892 803 3944 tantumli
820 3903 846 3942 et
863 3890 922 3942 rell.
940 3888 997 3941 edd.
1033 3907 1118 3940 unum
1135 3890 1197 3942 sort
1217 3906 1252 3942 ex
1322 3918 1331 3928 ·

177 3961 272 4014 multis
286 3976 328 4013 αε
380 3979 421 4030 ¹7·
438 3959 561 4013 HScccc
576 3960 662 4012 millia
679 3957 779 4030 (milia)
801 3960 843 4013 Cr
876 3977 909 4012 cn
927 3960 1014 4011 millia
1031 3960 1126 4012 lemma
1143 3959 1253 4021 Manut.

178 4031 353 4102 quadraginta
382 4030 460 4082 milia
475 4029 554 4082 ABt
578 4033 709 4095 (corrje
846 4047 880 4082 un
907 4028 1053 4082 miltiade
1077 4028 1252 4100 ςινγδζηι

177 4119 289 4156 cocenim
297 4113 399 4174 prstu
410 4118 427 4152 κ
433 4118 457 4171 μ
474 4098 683 4152 ccecnnrrhmn
693 4117 736 4153 ον
771 4100 872 4152 sectius
879 4100 965 4155 millia
977 4099 1016 4152 be
1084 4101 1249 4158 Senecione

180 4186 227 4223 ασ
244 4173 441 4228 discessiones
458 4169 545 4223 millia
565 4170 704 4241 λνξοπρ
777 4174 815 4230 18.
836 4170 957 4224 institnit
974 4189 993 4223 n
