2736 4696
602 274 778 336 curarat.
991 264 995 273 “
1160 311 1225 387 17,

232 472 282 538 17.
305 457 425 516 mritime
448 477 568 517 amarus
587 459 625 517 iis
644 461 722 520 virm
742 471 803 533 est,
826 461 877 543 qui
897 459 1016 542 aliquid
1036 479 1079 522 ex
1099 461 1228 522 eimser·

140 561 384 644 muramutha
405 560 607 645 degtntaram]
633 562 682 623 Sic
703 562 826 624 demum
853 566 1036 645 optimorum
1056 579 1228 629 nostrorum

140 665 235 728 ¹codd.
269 687 328 748 ope
354 667 405 726 hic
437 666 531 742 locus,
563 689 654 749 quem
676 673 766 729 etiam
788 670 888 732 minus
912 669 1097 732 intellectum
1116 695 1227 736 omues.

142 773 185 834 ob
206 777 344 834 lacetiam
367 772 505 834 admirati
544 785 634 851 sunt,
658 773 761 845 veram
784 776 881 836 lucem
916 798 1001 838 suam
1028 789 1134 838 nactus
1168 790 1226 842 est.
1320 773 1326 781 ⁸

142 877 264 939 Scilicet
292 899 328 938 ex
355 880 420 960 ipso
441 885 485 939 rei
506 880 586 939 exitu
604 883 676 940 satis
695 891 839 961 apparet,
860 881 990 943 Bulbum
1010 905 1028 944 a
1047 884 1167 947 Staieno
1187 889 1219 948 in

142 983 234 1046 huius
261 986 374 1068 negotii
402 986 495 1066 partis
524 985 672 1046 adscitum
692 985 766 1047 alios
785 1008 906 1069 quoque
926 989 1056 1066 iudices,
1077 992 1153 1052 sicut
1173 992 1224 1054 ille

142 1103 322 1175 rogaverat,
346 1092 452 1154 adiisse
473 1105 502 1154 et
522 1103 668 1154 ostentata
689 1094 824 1156 mercede
844 1106 994 1174 tentasse:
1015 1097 1066 1158 sed
1087 1077 1168 1179 quod
1189 1120 1224 1158 ex

143 1198 202 1259 line
231 1202 398 1260 necessario
427 1199 598 1281 colligitur,
627 1201 659 1260 id
680 1203 711 1260 in
732 1203 796 1281 ipsa
816 1205 988 1263 narratione
1008 1225 1156 1285 nusquam
1176 1204 1224 1264 di-

144 1304 294 1367 cebatur:
317 1305 367 1367 sed
390 1305 502 1368 verba:
526 1310 625 1392 itaque
645 1309 670 1366 ir
690 1290 768 1366 uisus
789 1321 832 1367 est
855 1341 888 1354 -·
910 1308 1095 1388 degmtarat,
1117 1333 1223 1392 quem·

143 1413 307 1477 admodum
341 1413 523 1495 vulgantur,
563 1413 639 1474 nihil
660 1416 715 1474 nisi
739 1425 858 1497 gratum
885 1414 973 1474 Bulbi
996 1419 1129 1476 animum
1147 1439 1221 1499 pro-

141 1530 208 1602 pter
236 1541 321 1602 spem
340 1521 398 1602 ipsi
429 1521 585 1581 excitatam
613 1505 795 1598 ostendunt;
825 1541 923 1600 neque
943 1523 1013 1580 satis
1034 1522 1221 1604 intelligitur,

142 1626 214 1709 quid
241 1626 281 1687 ad
309 1627 476 1708 augendam
491 1661 492 1670 κ
507 1631 570 1688 eius
597 1627 741 1688 laetitiam
770 1629 881 1689 Guttae
903 1629 1030 1688 accessio
1050 1629 1221 1693 contulerit.

142 1734 220 1795 Tum
253 1736 344 1794 etiam
371 1737 447 1794 mira
477 1736 554 1795 inest
583 1735 613 1794 in
635 1733 757 1816 vulgata
779 1736 926 1816 scriptura
947 1735 1063 1816 lepidae
1086 1739 1222 1820 imaginis

141 1838 349 1922 perturbatio:
367 1840 446 1922 ¹quid
469 1844 575 1902 enim?
617 1841 731 1902 Bulbus
753 1841 820 1903 idco
843 1863 904 1902 non
922 1863 1041 1903 amarus
1061 1845 1142 1905 visus
1162 1855 1219 1925 est,

141 1947 221 2030 quod
252 1968 289 2008 ex
316 1967 454 2007 sermone
482 1947 594 2007 Staieni
615 1947 730 2029 aliquid
754 1947 890 2029 speculae
911 1946 1107 2029 degustarat?
1148 1952 1219 2013 lure

139 2063 290 2135 expectes,
311 2052 384 2113 alios
405 2074 439 2113 ex
463 2055 525 2134 ipso
549 2053 663 2134 aliquid
683 2053 871 2134 degustasse,
907 2055 1017 2136 quibus
1041 2077 1103 2116 non
1131 2077 1214 2118 ama-

138 2178 188 2218 rus
225 2157 324 2218 videri
346 2169 456 2239 posset.
511 2159 553 2218 At
574 2156 657 2217 nulla
686 2158 760 2218 haee
780 2169 825 2219 est
845 2160 1132 2242 Ciceronisculpa,
1163 2162 1215 2224 sed

138 2261 352 2341 librariorum,
374 2264 428 2345 qui
449 2263 541 2325 verba
561 2264 625 2323 eius
649 2264 756 2323 misere
775 2262 986 2325 detorserunt:
1009 2271 1127 2348 scripsit
1140 2271 1213 2351 ipse,

137 2370 218 2452 quod
248 2369 398 2449 dedimus,
431 2389 493 2451 quo
521 2370 669 2429 sententia
708 2379 738 2428 et
773 2370 872 2450 imago
900 2371 1014 2452 egregie
1048 2374 1214 2438 iuvantur:

137 2476 242 2562 Itaque
265 2473 407 2559 (Bulbus,
429 2479 488 2548 cui,
512 2475 671 2534 accedente
694 2475 917 2551 Guttamaior
937 2476 1010 2536 fides
1033 2478 1214 2563 habebatur)

136 2586 261 2646 minitare
288 2603 411 2644 marus
441 2584 479 2641 iis
507 2583 586 2641 vuar
620 2593 685 2657 est,
718 2581 771 2666 qui
801 2581 920 2664 ailquid
943 2604 985 2643 ex
1012 2585 1073 2644 eius
1096 2585 1215 2672 (Bulbi)
1238 2666 1240 2670 y

136 2693 424 2783 sermone-speculae
442 2689 635 2771 degrcstarunt
653 2687 685 2746 h.
706 2709 733 2747 e.
755 2689 860 2747 ceteris
887 2689 1057 2764 iudicibus,
1089 2694 1215 2772 quibus-

137 2820 211 2860 cum
229 2819 257 2857 *o
270 2796 431 2879 quebatur.
462 2830 502 2843 -
554 2793 699 2887 Ceterum¹
732 2791 899 2851 notandum
930 2803 1000 2869 est,
1035 2799 1215 2877 scripturam

134 2908 293 2992 speculae,
325 2904 363 2965 de
383 2925 444 2986 qua
465 2913 533 2984 post
552 2901 734 2962 Lambinum
762 2899 913 2959 nemiuem
941 2897 1094 2962 dubitasse
1123 2915 1209 2984 puto,

135 3034 226 3097 quam
239 3012 488 3094 paucissimorum
501 3009 649 3070 librorum
662 3007 720 3066 tide
733 3006 805 3065 niti:
821 3004 971 3065 Florentt.
982 3025 1084 3066 omnes
1095 3021 1214 3087 praeter

133 3120 283 3201 optimum
302 3139 353 3199 spe
370 3117 458 3197 gulae
478 3114 637 3176 exhibent:
659 3133 718 3172 vox
732 3114 795 3193 ipsa
817 3110 907 3169 etiam
931 3112 963 3169 in
981 3110 1079 3191 Epist.
1091 3113 1212 3177 Famm.
1289 3122 1290 3129 ’

133 3223 189 3300 ll,
216 3223 266 3286 16.
286 3223 334 3286 15·
361 3221 488 3302 legitur,
518 3220 642 3279 fortasse
661 3219 755 3299 petita
774 3237 810 3277 ex
837 3214 959 3275 Plauto.
981 3216 1071 3283 Most.
1096 3219 1154 3299 lll,
1181 3241 1209 3303 1,

135 3353 205 3399 rra.
226 3331 311 3394 Pers.
334 3330 376 3407 ll,
400 3327 431 3406 5,
453 3350 486 3411 9.
510 3326 576 3387 Cas.
599 3326 639 3401 ll,
660 3322 693 3402 4,
718 3345 769 3405 27·

136 3461 162 3497 .’
185 3492 188 3497 .
217 3457 269 3497 21.
287 3434 507 3518 placidissinoe:
529 3433 571 3492 sie
592 3429 701 3489 rectius
720 3427 881 3505 scribitur,
913 3445 1006 3506 quam
1029 3427 1112 3509 quod
1143 3431 1213 3493 vul-

134 3543 282 3628 gebaturr
314 3539 510 3603 blandissime.
554 3535 630 3596 Nam
654 3554 759 3596 revera
791 3535 884 3594 iratus
921 3534 1074 3617 placidum
1093 3537 1213 3602 vultum

95 3724 99 3730 ,
134 3648 297 3713 unumst
316 3645 442 3711 Bulbus.

218 3757 280 3836 51,
303 3755 336 3815 ὅ.
357 3752 489 3814 notionis
509 3752 608 3832 magis
626 3770 715 3834 prtum
735 3746 863 3830 generis]
912 3747 1019 3809 Delevi
1045 3772 1211 3839 pronomen

134 3883 205 3924 suaa
224 3869 295 3942 post
318 3858 370 3920 vb.
392 3858 539 3933 nationis,
568 3851 778 3937 praeeuntibus
808 3853 926 3933 optimis
946 3857 1120 3937 codicibus,
1156 3882 1211 3920 ne·

135 3989 196 4052 que
221 3967 288 4029 siue
316 3965 425 4026 idonea
448 3984 556 4022 causa:
584 3982 647 4023 non
667 3959 747 4020 enim
768 3969 832 4018 erat
851 3960 973 4020 natione
1000 3962 1094 4044 Ligur
1112 3964 1210 4025 Staie-

134 4095 209 4154 nus,
228 4071 312 4158 quod
332 4069 469 4134 nonnulli
489 4067 664 4132 intellexisse
685 4067 837 4145 videntur,
860 4066 913 4127 sed
931 4088 1038 4130 verum
1058 4073 1085 4131 ei
1105 4071 1211 4152 Liguri

972 4206 1015 4252 12
