<?xml version="1.0" encoding="UTF-8"?>
<!DOCTYPE html PUBLIC "-//W3C//DTD XHTML 1.0 Transitional//EN"
    "http://www.w3.org/TR/xhtml1/DTD/xhtml1-transitional.dtd">
<html xmlns="http://www.w3.org/1999/xhtml" xml:lang="en" lang="en">
 <head>
  <title>
</title>
<meta http-equiv="Content-Type" content="text/html;charset=utf-8" />
  <meta name='ocr-system' content='tesseract 3.04.00' />
  <meta name='ocr-capabilities' content='ocr_page ocr_carea ocr_par ocr_line ocrx_word'/>
</head>
<body>
  <div class='ocr_page' id='page_1' title='image "./mtulliiciceroni00clasgoog_0114.png"; bbox 0 0 2736 4696; ppageno 0'>
   <div class='ocr_carea' id='block_1_1' title="bbox 488 293 1240 375">
    <p class='ocr_par' dir='ltr' id='par_1_1' title="bbox 488 293 1240 375">
     <span class='ocr_line' id='line_1_1' title="bbox 488 293 1240 375; baseline -0.001 -20"><span class='ocrx_word' id='word_1_1' title='bbox 488 296 573 357; x_wconf 79' lang='lat' dir='ltr'><strong>rao</strong></span> <span class='ocrx_word' id='word_1_2' title='bbox 608 295 649 356; x_wconf 83' lang='lat' dir='ltr'><strong>A.</strong></span> <span class='ocrx_word' id='word_1_3' title='bbox 672 293 900 357; x_wconf 80' lang='lat' dir='ltr'><strong>ccunurro.</strong></span> <span class='ocrx_word' id='word_1_4' title='bbox 1192 295 1240 375; x_wconf 83' lang='lat'><strong>85</strong></span> 
     </span>
    </p>
   </div>
   <div class='ocr_carea' id='block_1_2' title="bbox 97 476 1350 2313">
    <p class='ocr_par' dir='ltr' id='par_1_2' title="bbox 97 476 1241 588">
     <span class='ocr_line' id='line_1_2' title="bbox 97 476 1241 588; baseline -0.002 -31"><span class='ocrx_word' id='word_1_5' title='bbox 97 568 99 575; x_wconf 27' lang='lat'><strong>¹</strong></span> <span class='ocrx_word' id='word_1_6' title='bbox 141 479 241 557; x_wconf 78' lang='lat' dir='ltr'><strong>tac-ts</strong></span> <span class='ocrx_word' id='word_1_7' title='bbox 273 476 440 572; x_wconf 83' lang='lat' dir='ltr'><strong>civibus,</strong></span> <span class='ocrx_word' id='word_1_8' title='bbox 475 506 594 582; x_wconf 85' lang='lat' dir='ltr'><strong>quam</strong></span> <span class='ocrx_word' id='word_1_9' title='bbox 632 481 699 557; x_wconf 86' lang='lat' dir='ltr'><strong>illa</strong></span> <span class='ocrx_word' id='word_1_10' title='bbox 730 479 969 556; x_wconf 85' lang='lat' dir='ltr'><strong>acerbissima</strong></span> <span class='ocrx_word' id='word_1_11' title='bbox 1012 479 1241 588; x_wconf 84' lang='lat' dir='ltr'><strong>proscriptio</strong></span> 
     </span>
    </p>

    <p class='ocr_par' dir='ltr' id='par_1_3' title="bbox 97 602 1245 713">
     <span class='ocr_line' id='line_1_3' title="bbox 97 602 1245 713; baseline 0.003 -38"><span class='ocrx_word' id='word_1_12' title='bbox 97 624 105 713; x_wconf 60' lang='lat'><strong>3-</strong></span> <span class='ocrx_word' id='word_1_13' title='bbox 142 602 268 707; x_wconf 70' lang='lat' dir='ltr'><strong>pomit</strong></span> <span class='ocrx_word' id='word_1_14' title='bbox 292 603 450 706; x_wconf 80' lang='lat' dir='ltr'><strong>afferret</strong></span> <span class='ocrx_word' id='word_1_15' title='bbox 475 629 525 677; x_wconf 93' lang='lat' dir='ltr'><strong>ne</strong></span> <span class='ocrx_word' id='word_1_16' title='bbox 549 605 776 685; x_wconf 83' lang='lat' dir='ltr'>Censorium</span> <span class='ocrx_word' id='word_1_17' title='bbox 798 605 940 691; x_wconf 90' lang='lat' dir='ltr'><strong>stilum,</strong></span> <span class='ocrx_word' id='word_1_18' title='bbox 966 606 1076 680; x_wconf 85' lang='lat' dir='ltr'><strong>euius</strong></span> <span class='ocrx_word' id='word_1_19' title='bbox 1093 631 1245 708; x_wconf 54' lang='lat' dir='ltr'><strong>mucrof</strong></span> 
     </span>
    </p>

    <p class='ocr_par' dir='ltr' id='par_1_4' title="bbox 97 716 1241 817">
     <span class='ocr_line' id='line_1_4' title="bbox 144 725 1241 817; baseline -0.002 -16.082"><span class='ocrx_word' id='word_1_20' title='bbox 144 750 245 802; x_wconf 85' lang='lat' dir='ltr'><strong>nem</strong></span> <span class='ocrx_word' id='word_1_21' title='bbox 269 727 403 803; x_wconf 86' lang='lat' dir='ltr'><strong>multis</strong></span> <span class='ocrx_word' id='word_1_22' title='bbox 440 726 618 802; x_wconf 83' lang='lat' dir='ltr'><strong>remediis</strong></span> <span class='ocrx_word' id='word_1_23' title='bbox 644 729 820 803; x_wconf 83' lang='lat' dir='ltr'><strong>maiores·</strong></span> <span class='ocrx_word' id='word_1_24' title='bbox 840 728 960 804; x_wconf 86' lang='lat' dir='ltr'><strong>nostri</strong></span> <span class='ocrx_word' id='word_1_25' title='bbox 999 725 1241 817; x_wconf 83' lang='lat' dir='ltr'><strong>retuderunt,</strong></span> 
     </span>
    </p>

    <p class='ocr_par' dir='ltr' id='par_1_5' title="bbox 97 818 1243 977">
     <span class='ocr_line' id='line_1_5' title="bbox 97 818 1243 977; baseline -0.001 -53"><span class='ocrx_word' id='word_1_26' title='bbox 97 818 114 977; x_wconf 61' lang='grc' dir='ltr'>ἐ</span> <span class='ocrx_word' id='word_1_27' title='bbox 145 833 275 951; x_wconf 76' lang='lat' dir='ltr'><strong>aeque</strong></span> <span class='ocrx_word' id='word_1_28' title='bbox 300 847 458 953; x_wconf 82' lang='lat' dir='ltr'><strong>posthae</strong></span> <span class='ocrx_word' id='word_1_29' title='bbox 482 867 600 952; x_wconf 87' lang='lat' dir='ltr'><strong>atque</strong></span> <span class='ocrx_word' id='word_1_30' title='bbox 634 851 748 924; x_wconf 92' lang='lat' dir='ltr'><strong>illum</strong></span> <span class='ocrx_word' id='word_1_31' title='bbox 776 850 1037 926; x_wconf 89' lang='lat' dir='ltr'><strong>Dictatorium</strong></span> <span class='ocrx_word' id='word_1_32' title='bbox 1070 848 1243 952; x_wconf 81' lang='lat' dir='ltr'>gladium</span> 
     </span>
    </p>

    <p class='ocr_par' dir='ltr' id='par_1_6' title="bbox 108 969 1326 1076">
     <span class='ocr_line' id='line_1_6' title="bbox 108 969 1326 1076; baseline -0.007 -29"><span class='ocrx_word' id='word_1_33' title='bbox 108 969 473 1075; x_wconf 21' lang='lat' dir='ltr'><strong>&#39;&#39;Spertimescamus-</strong></span> <span class='ocrx_word' id='word_1_34' title='bbox 521 971 590 1048; x_wconf 85' lang='lat' dir='ltr'><strong>Sin</strong></span> <span class='ocrx_word' id='word_1_35' title='bbox 609 990 749 1062; x_wconf 88' lang='lat' dir='ltr'><strong>autem,</strong></span> <span class='ocrx_word' id='word_1_36' title='bbox 775 971 882 1074; x_wconf 89' lang='lat' dir='ltr'><strong>quod</strong></span> <span class='ocrx_word' id='word_1_37' title='bbox 899 973 1158 1076; x_wconf 88' lang='lat' dir='ltr'><strong>subscriptum</strong></span> <span class='ocrx_word' id='word_1_38' title='bbox 1177 989 1242 1062; x_wconf 89' lang='lat' dir='ltr'><strong>est,</strong></span> <span class='ocrx_word' id='word_1_39' title='bbox 1270 977 1326 1056; x_wconf 74' lang='lat'><strong>124</strong></span> 
     </span>
    </p>

    <p class='ocr_par' dir='ltr' id='par_1_7' title="bbox 113 1091 1332 1308">
     <span class='ocr_line' id='line_1_7' title="bbox 113 1091 1332 1198; baseline 0.003 -34"><span class='ocrx_word' id='word_1_40' title='bbox 113 1138 116 1143; x_wconf 95' lang='lat'>-</span> <span class='ocrx_word' id='word_1_41' title='bbox 147 1091 247 1194; x_wconf 78' lang='lat' dir='ltr'><strong>quia</strong></span> <span class='ocrx_word' id='word_1_42' title='bbox 272 1118 407 1168; x_wconf 82' lang='lat' dir='ltr'><strong>verum</strong></span> <span class='ocrx_word' id='word_1_43' title='bbox 433 1111 498 1182; x_wconf 88' lang='lat' dir='ltr'><strong>est,</strong></span> <span class='ocrx_word' id='word_1_44' title='bbox 511 1092 653 1169; x_wconf 90' lang='lat' dir='ltr'><strong>idcirco</strong></span> <span class='ocrx_word' id='word_1_45' title='bbox 669 1120 780 1197; x_wconf 80' lang='lat' dir='ltr'><strong>grave</strong></span> <span class='ocrx_word' id='word_1_46' title='bbox 798 1093 910 1171; x_wconf 89' lang='lat' dir='ltr'><strong>debet</strong></span> <span class='ocrx_word' id='word_1_47' title='bbox 924 1119 1018 1170; x_wconf 78' lang='lat' dir='ltr'><strong>esse:</strong></span> <span class='ocrx_word' id='word_1_48' title='bbox 1034 1096 1107 1169; x_wconf 88' lang='lat' dir='ltr'><strong>hoc</strong></span> <span class='ocrx_word' id='word_1_49' title='bbox 1126 1121 1243 1198; x_wconf 85' lang='lat' dir='ltr'><strong>quae·</strong></span> <span class='ocrx_word' id='word_1_50' title='bbox 1328 1141 1332 1147; x_wconf 63' lang='lat'><em>‹</em></span> 
     </span>
     <span class='ocr_line' id='line_1_8' title="bbox 147 1217 1243 1308; baseline 0.005 -20"><span class='ocrx_word' id='word_1_51' title='bbox 147 1239 300 1304; x_wconf 82' lang='lat' dir='ltr'><strong>ramus,</strong></span> <span class='ocrx_word' id='word_1_52' title='bbox 336 1243 470 1294; x_wconf 82' lang='lat' dir='ltr'><strong>rerum</strong></span> <span class='ocrx_word' id='word_1_53' title='bbox 493 1219 565 1308; x_wconf 88' lang='lat' dir='ltr'><strong>sit,</strong></span> <span class='ocrx_word' id='word_1_54' title='bbox 600 1243 652 1291; x_wconf 90' lang='lat' dir='ltr'><strong>an</strong></span> <span class='ocrx_word' id='word_1_55' title='bbox 677 1217 834 1295; x_wconf 73' lang='lat' dir='ltr'><strong>falsumt</strong></span> <span class='ocrx_word' id='word_1_56' title='bbox 860 1237 1129 1294; x_wconf 78' lang='lat' dir='ltr'><strong>removeamur</strong></span> <span class='ocrx_word' id='word_1_57' title='bbox 1153 1246 1243 1293; x_wconf 87' lang='lat' dir='ltr'><strong>auc-</strong></span> 
     </span>
    </p>

    <p class='ocr_par' dir='ltr' id='par_1_8' title="bbox 114 1337 1243 1444">
     <span class='ocr_line' id='line_1_9' title="bbox 114 1337 1243 1444; baseline 0.004 -31"><span class='ocrx_word' id='word_1_58' title='bbox 114 1424 120 1435; x_wconf 43' lang='grc'>,</span> <span class='ocrx_word' id='word_1_59' title='bbox 151 1337 326 1414; x_wconf 83' lang='lat' dir='ltr'><strong>toritates</strong></span> <span class='ocrx_word' id='word_1_60' title='bbox 349 1341 567 1416; x_wconf 83' lang='lat' dir='ltr'><strong>Censoriae:</strong></span> <span class='ocrx_word' id='word_1_61' title='bbox 594 1340 756 1416; x_wconf 83' lang='lat' dir='ltr'><strong>tollatur</strong></span> <span class='ocrx_word' id='word_1_62' title='bbox 782 1339 822 1414; x_wconf 92' lang='lat' dir='ltr'><strong>id</strong></span> <span class='ocrx_word' id='word_1_63' title='bbox 848 1367 894 1415; x_wconf 81' lang='lat' dir='ltr'><strong>ex</strong></span> <span class='ocrx_word' id='word_1_64' title='bbox 918 1368 1039 1436; x_wconf 87' lang='lat' dir='ltr'><strong>causa,</strong></span> <span class='ocrx_word' id='word_1_65' title='bbox 1056 1341 1173 1444; x_wconf 32' lang='lat' dir='ltr'><strong>‚quod</strong></span> <span class='ocrx_word' id='word_1_66' title='bbox 1199 1342 1243 1418; x_wconf 91' lang='lat' dir='ltr'><strong>in</strong></span> 
     </span>
    </p>

    <p class='ocr_par' dir='ltr' id='par_1_9' title="bbox 109 1445 1350 2313">
     <span class='ocr_line' id='line_1_10' title="bbox 109 1445 1241 1569; baseline 0.004 -33"><span class='ocrx_word' id='word_1_67' title='bbox 109 1482 116 1507; x_wconf 74' lang='lat'><em>³</em></span> <span class='ocrx_word' id='word_1_68' title='bbox 150 1487 265 1537; x_wconf 79' lang='lat' dir='ltr'><strong>eausa</strong></span> <span class='ocrx_word' id='word_1_69' title='bbox 291 1457 471 1544; x_wconf 82' lang='lat' dir='ltr'><strong>nonest:</strong></span> <span class='ocrx_word' id='word_1_70' title='bbox 498 1463 611 1552; x_wconf 88' lang='lat' dir='ltr'><strong>doce,</strong></span> <span class='ocrx_word' id='word_1_71' title='bbox 647 1486 765 1567; x_wconf 83' lang='lat' dir='ltr'><strong>quam</strong></span> <span class='ocrx_word' id='word_1_72' title='bbox 799 1465 1005 1569; x_wconf 89' lang='lat' dir='ltr'><strong>pecuniam</strong></span> <span class='ocrx_word' id='word_1_73' title='bbox 1039 1445 1241 1542; x_wconf 78' lang='lat' dir='ltr'><strong>Cluentius</strong></span> 
     </span>
     <span class='ocr_line' id='line_1_11' title="bbox 149 1582 1328 1693; baseline -0.002 -34"><span class='ocrx_word' id='word_1_74' title='bbox 149 1582 323 1677; x_wconf 85' lang='lat' dir='ltr'><strong>dederit,</strong></span> <span class='ocrx_word' id='word_1_75' title='bbox 357 1587 464 1666; x_wconf 88' lang='lat' dir='ltr'><strong>unde</strong></span> <span class='ocrx_word' id='word_1_76' title='bbox 499 1588 663 1679; x_wconf 87' lang='lat' dir='ltr'><strong>dederit,</strong></span> <span class='ocrx_word' id='word_1_77' title='bbox 698 1588 1026 1693; x_wconf 86' lang='lat' dir='ltr'><strong>quemadmodum</strong></span> <span class='ocrx_word' id='word_1_78' title='bbox 1071 1588 1239 1663; x_wconf 85' lang='lat' dir='ltr'><strong>dederit:</strong></span> <span class='ocrx_word' id='word_1_79' title='bbox 1327 1685 1328 1688; x_wconf 8' lang='grc' dir='ltr'><strong>Ἴ</strong></span> 
     </span>
     <span class='ocr_line' id='line_1_12' title="bbox 148 1709 1244 1818; baseline 0.001 -33"><span class='ocrx_word' id='word_1_80' title='bbox 148 1736 279 1786; x_wconf 88' lang='lat' dir='ltr'><strong>unum</strong></span> <span class='ocrx_word' id='word_1_81' title='bbox 306 1709 476 1815; x_wconf 88' lang='lat' dir='ltr'><strong>denique</strong></span> <span class='ocrx_word' id='word_1_82' title='bbox 495 1711 656 1816; x_wconf 84' lang='lat' dir='ltr'><strong>aliquod</strong></span> <span class='ocrx_word' id='word_1_83' title='bbox 680 1741 703 1787; x_wconf 88' lang='lat' dir='ltr'><strong>a</strong></span> <span class='ocrx_word' id='word_1_84' title='bbox 720 1713 901 1816; x_wconf 84' lang='lat' dir='ltr'><strong>Cluentio</strong></span> <span class='ocrx_word' id='word_1_85' title='bbox 914 1713 1104 1818; x_wconf 85' lang='lat' dir='ltr'><strong>profectae</strong></span> <span class='ocrx_word' id='word_1_86' title='bbox 1129 1739 1244 1818; x_wconf 91' lang='lat' dir='ltr'><strong>pecu·</strong></span> 
     </span>
     <span class='ocr_line' id='line_1_13' title="bbox 149 1834 1243 1937; baseline -0.002 -27"><span class='ocrx_word' id='word_1_87' title='bbox 149 1834 241 1910; x_wconf 86' lang='lat' dir='ltr'><strong>niae</strong></span> <span class='ocrx_word' id='word_1_88' title='bbox 265 1835 467 1937; x_wconf 81' lang='lat' dir='ltr'><strong>vestigium</strong></span> <span class='ocrx_word' id='word_1_89' title='bbox 490 1835 657 1913; x_wconf 88' lang='lat' dir='ltr'><strong>ostende.</strong></span> <span class='ocrx_word' id='word_1_90' title='bbox 692 1836 815 1911; x_wconf 89' lang='lat' dir='ltr'><strong>Vince</strong></span> <span class='ocrx_word' id='word_1_91' title='bbox 841 1835 992 1924; x_wconf 90' lang='lat' dir='ltr'><strong>deinde,</strong></span> <span class='ocrx_word' id='word_1_92' title='bbox 1016 1838 1164 1913; x_wconf 88' lang='lat' dir='ltr'><strong>bonum</strong></span> <span class='ocrx_word' id='word_1_93' title='bbox 1190 1837 1243 1910; x_wconf 89' lang='lat' dir='ltr'><strong>vi-.</strong></span> 
     </span>
     <span class='ocr_line' id='line_1_14' title="bbox 148 1957 1245 2064; baseline 0.002 -31"><span class='ocrx_word' id='word_1_94' title='bbox 148 1957 382 2040; x_wconf 78' lang='lat' dir='ltr'><strong>rumfuisse</strong></span> <span class='ocrx_word' id='word_1_95' title='bbox 399 1957 671 2064; x_wconf 85' lang='lat' dir='ltr'><strong>Oppianicum,</strong></span> <span class='ocrx_word' id='word_1_96' title='bbox 694 1957 891 2033; x_wconf 82' lang='lat' dir='ltr'><strong>hominem</strong></span> <span class='ocrx_word' id='word_1_97' title='bbox 904 1959 1118 2060; x_wconf 78' lang='lat' dir='ltr'><strong>integrum:</strong></span> <span class='ocrx_word' id='word_1_98' title='bbox 1142 1958 1245 2035; x_wconf 90' lang='lat' dir='ltr'><strong>nihil</strong></span> 
     </span>
     <span class='ocr_line' id='line_1_15' title="bbox 149 2079 1244 2184; baseline -0.003 -27"><span class='ocrx_word' id='word_1_99' title='bbox 149 2079 200 2157; x_wconf 89' lang='lat' dir='ltr'><strong>de</strong></span> <span class='ocrx_word' id='word_1_100' title='bbox 217 2081 288 2158; x_wconf 91' lang='lat' dir='ltr'><strong>illo</strong></span> <span class='ocrx_word' id='word_1_101' title='bbox 312 2108 501 2184; x_wconf 90' lang='lat' dir='ltr'><strong>umquam</strong></span> <span class='ocrx_word' id='word_1_102' title='bbox 526 2091 631 2155; x_wconf 84' lang='lat' dir='ltr'><strong>secus</strong></span> <span class='ocrx_word' id='word_1_103' title='bbox 647 2105 721 2153; x_wconf 91' lang='lat' dir='ltr'><strong>esse</strong></span> <span class='ocrx_word' id='word_1_104' title='bbox 746 2079 1024 2156; x_wconf 88' lang='lat' dir='ltr'><strong>existimatum:</strong></span> <span class='ocrx_word' id='word_1_105' title='bbox 1051 2079 1153 2155; x_wconf 86' lang='lat' dir='ltr'><strong>nihil</strong></span> <span class='ocrx_word' id='word_1_106' title='bbox 1178 2079 1244 2154; x_wconf 90' lang='lat' dir='ltr'><strong>de·</strong></span> 
     </span>
     <span class='ocr_line' id='line_1_16' title="bbox 128 2204 1350 2313; baseline -0.002 -32"><span class='ocrx_word' id='word_1_107' title='bbox 128 2207 273 2310; x_wconf 70' lang='lat' dir='ltr'><strong>§nique</strong></span> <span class='ocrx_word' id='word_1_108' title='bbox 297 2204 617 2313; x_wconf 83' lang='lat' dir='ltr'><strong>praeiudicatum.</strong></span> <span class='ocrx_word' id='word_1_109' title='bbox 667 2208 770 2280; x_wconf 89' lang='lat' dir='ltr'><strong>Tum</strong></span> <span class='ocrx_word' id='word_1_110' title='bbox 807 2205 1076 2280; x_wconf 88' lang='lat' dir='ltr'><strong>auctoritatem</strong></span> <span class='ocrx_word' id='word_1_111' title='bbox 1107 2207 1243 2278; x_wconf 90' lang='lat' dir='ltr'><strong>Censo-</strong></span> <span class='ocrx_word' id='word_1_112' title='bbox 1348 2248 1350 2253; x_wconf 61' lang='lat'>=</span> 
     </span>
    </p>
   </div>
   <div class='ocr_carea' id='block_1_3' title="bbox 114 2327 1322 3051">
    <p class='ocr_par' dir='ltr' id='par_1_10' title="bbox 114 2327 1322 3051">
     <span class='ocr_line' id='line_1_17' title="bbox 148 2327 1243 2437; baseline -0.003 -31"><span class='ocrx_word' id='word_1_113' title='bbox 148 2331 250 2407; x_wconf 91' lang='lat' dir='ltr'><strong>riam</strong></span> <span class='ocrx_word' id='word_1_114' title='bbox 263 2330 495 2437; x_wconf 83' lang='lat' dir='ltr'><strong>amplexato:</strong></span> <span class='ocrx_word' id='word_1_115' title='bbox 509 2349 591 2404; x_wconf 90' lang='lat' dir='ltr'><strong>tum</strong></span> <span class='ocrx_word' id='word_1_116' title='bbox 603 2327 762 2405; x_wconf 92' lang='lat' dir='ltr'><strong>illorum</strong></span> <span class='ocrx_word' id='word_1_117' title='bbox 782 2328 972 2404; x_wconf 88' lang='lat' dir='ltr'><strong>iudicium</strong></span> <span class='ocrx_word' id='word_1_118' title='bbox 988 2327 1243 2403; x_wconf 90' lang='lat' dir='ltr'><strong>coniunctum</strong></span> 
     </span>
     <span class='ocr_line' id='line_1_18' title="bbox 147 2449 1322 2556; baseline -0.003 -25"><span class='ocrx_word' id='word_1_119' title='bbox 147 2479 227 2531; x_wconf 86' lang='lat' dir='ltr'><strong>esse</strong></span> <span class='ocrx_word' id='word_1_120' title='bbox 251 2480 342 2529; x_wconf 90' lang='lat' dir='ltr'><strong>cum</strong></span> <span class='ocrx_word' id='word_1_121' title='bbox 360 2449 620 2528; x_wconf 76' lang='lat' dir='ltr'><strong>redelendito</strong></span> <span class='ocrx_word' id='word_1_122' title='bbox 660 2451 769 2526; x_wconf 92' lang='lat' dir='ltr'><strong>Dum</strong></span> <span class='ocrx_word' id='word_1_123' title='bbox 793 2476 882 2526; x_wconf 87' lang='lat' dir='ltr'><strong>rero</strong></span> <span class='ocrx_word' id='word_1_124' title='bbox 907 2477 997 2526; x_wconf 89' lang='lat' dir='ltr'><strong>eum</strong></span> <span class='ocrx_word' id='word_1_125' title='bbox 1021 2451 1134 2527; x_wconf 85' lang='lat' dir='ltr'><strong>fuisse</strong></span> <span class='ocrx_word' id='word_1_126' title='bbox 1162 2454 1241 2556; x_wconf 88' lang='lat' dir='ltr'><strong>Op·</strong></span> <span class='ocrx_word' id='word_1_127' title='bbox 1266 2464 1322 2528; x_wconf 75' lang='lat'><strong>125</strong></span> 
     </span>
     <span class='ocr_line' id='line_1_19' title="bbox 149 2575 1242 2689; baseline -0.002 -37"><span class='ocrx_word' id='word_1_128' title='bbox 149 2577 352 2683; x_wconf 85' lang='lat' dir='ltr'><strong>pianicum</strong></span> <span class='ocrx_word' id='word_1_129' title='bbox 376 2575 581 2662; x_wconf 84' lang='lat' dir='ltr'><strong>constabit,</strong></span> <span class='ocrx_word' id='word_1_130' title='bbox 606 2575 676 2679; x_wconf 90' lang='lat' dir='ltr'><strong>qui</strong></span> <span class='ocrx_word' id='word_1_131' title='bbox 704 2577 853 2658; x_wconf 85' lang='lat' dir='ltr'><strong>tabulas</strong></span> <span class='ocrx_word' id='word_1_132' title='bbox 879 2576 1061 2680; x_wconf 82' lang='lat' dir='ltr'><strong>publi-cas.</strong></span> <span class='ocrx_word' id='word_1_133' title='bbox 1078 2578 1242 2689; x_wconf 79' lang='lat' dir='ltr'><strong>munici-</strong></span> 
     </span>
     <span class='ocr_line' id='line_1_20' title="bbox 151 2697 1243 2804; baseline -0.001 -30"><span class='ocrx_word' id='word_1_134' title='bbox 151 2699 209 2804; x_wconf 87' lang='lat' dir='ltr'><strong>pii</strong></span> <span class='ocrx_word' id='word_1_135' title='bbox 221 2726 343 2775; x_wconf 90' lang='lat' dir='ltr'><strong>manu</strong></span> <span class='ocrx_word' id='word_1_136' title='bbox 355 2727 423 2776; x_wconf 86' lang='lat' dir='ltr'><strong>sua</strong></span> <span class='ocrx_word' id='word_1_137' title='bbox 442 2699 652 2804; x_wconf 85' lang='lat' dir='ltr'><strong>corrupisse</strong></span> <span class='ocrx_word' id='word_1_138' title='bbox 669 2697 863 2788; x_wconf 81' lang='lat' dir='ltr'><strong>iudicatus</strong></span> <span class='ocrx_word' id='word_1_139' title='bbox 873 2699 940 2774; x_wconf 76' lang='lat' dir='ltr'><strong>sitt</strong></span> <span class='ocrx_word' id='word_1_140' title='bbox 956 2698 1027 2792; x_wconf 86' lang='lat' dir='ltr'><strong>qui</strong></span> <span class='ocrx_word' id='word_1_141' title='bbox 1044 2717 1243 2773; x_wconf 70' lang='lat' dir='ltr'><strong>testamen</strong></span> 
     </span>
     <span class='ocr_line' id='line_1_21' title="bbox 114 2822 1243 2928; baseline 0.004 -34"><span class='ocrx_word' id='word_1_142' title='bbox 114 2841 237 2899; x_wconf 72' lang='lat' dir='ltr'><strong>sotum</strong></span> <span class='ocrx_word' id='word_1_143' title='bbox 264 2822 521 2899; x_wconf 85' lang='lat' dir='ltr'><strong>interleverit:</strong></span> <span class='ocrx_word' id='word_1_144' title='bbox 546 2824 628 2926; x_wconf 87' lang='lat' dir='ltr'><strong>qui,</strong></span> <span class='ocrx_word' id='word_1_145' title='bbox 652 2824 848 2928; x_wconf 76' lang='lat' dir='ltr'><strong>supposita</strong></span> <span class='ocrx_word' id='word_1_146' title='bbox 882 2849 1063 2928; x_wconf 88' lang='lat' dir='ltr'><strong>persona,</strong></span> <span class='ocrx_word' id='word_1_147' title='bbox 1102 2823 1243 2899; x_wconf 85' lang='lat' dir='ltr'><strong>falsum</strong></span> 
     </span>
     <span class='ocr_line' id='line_1_22' title="bbox 151 2930 1240 3051; baseline -0.005 -25"><span class='ocrx_word' id='word_1_148' title='bbox 151 2967 421 3026; x_wconf 86' lang='lat' dir='ltr'><strong>testamentum</strong></span> <span class='ocrx_word' id='word_1_149' title='bbox 450 2945 733 3051; x_wconf 83' lang='lat' dir='ltr'><strong>obsignandum</strong></span> <span class='ocrx_word' id='word_1_150' title='bbox 768 2946 977 3022; x_wconf 86' lang='lat' dir='ltr'><strong>curaverit:</strong></span> <span class='ocrx_word' id='word_1_151' title='bbox 1028 2946 1098 3049; x_wconf 90' lang='lat' dir='ltr'><strong>qui</strong></span> <span class='ocrx_word' id='word_1_152' title='bbox 1129 2930 1240 3039; x_wconf 86' lang='lat' dir='ltr'><strong>eum,</strong></span> 
     </span>
    </p>
   </div>
   <div class='ocr_carea' id='block_1_4' title="bbox 230 3133 1242 3362">
    <p class='ocr_par' dir='ltr' id='par_1_11' title="bbox 230 3133 1242 3362">
     <span class='ocr_line' id='line_1_23' title="bbox 235 3133 1242 3201; baseline -0.001 -6"><span class='ocrx_word' id='word_1_153' title='bbox 235 3154 283 3201; x_wconf 84' lang='lat' dir='ltr'><strong>ra.</strong></span> <span class='ocrx_word' id='word_1_154' title='bbox 304 3136 407 3195; x_wconf 86' lang='lat' dir='ltr'><strong>virum</strong></span> <span class='ocrx_word' id='word_1_155' title='bbox 424 3133 541 3197; x_wconf 90' lang='lat' dir='ltr'><strong>bonum</strong></span> <span class='ocrx_word' id='word_1_156' title='bbox 630 3133 679 3195; x_wconf 84' lang='grc'><strong>15.</strong></span> <span class='ocrx_word' id='word_1_157' title='bbox 700 3135 866 3196; x_wconf 85' lang='lat' dir='ltr'><strong>Censurum</strong></span> <span class='ocrx_word' id='word_1_158' title='bbox 973 3133 1021 3196; x_wconf 91' lang='grc'><strong>16.</strong></span> <span class='ocrx_word' id='word_1_159' title='bbox 1035 3156 1151 3196; x_wconf 83' lang='lat' dir='ltr'><strong>curare</strong></span> <span class='ocrx_word' id='word_1_160' title='bbox 1168 3156 1242 3195; x_wconf 90' lang='lat' dir='ltr'><strong>con-</strong></span> 
     </span>
     <span class='ocr_line' id='line_1_24' title="bbox 231 3217 1240 3301; baseline -0.002 -22"><span class='ocrx_word' id='word_1_161' title='bbox 231 3220 371 3279; x_wconf 88' lang='lat' dir='ltr'><strong>iunctum</strong></span> <span class='ocrx_word' id='word_1_162' title='bbox 392 3238 457 3280; x_wconf 82' lang='lat' dir='ltr'><strong>esse</strong></span> <span class='ocrx_word' id='word_1_163' title='bbox 584 3218 632 3281; x_wconf 85' lang='grc'><strong>18.</strong></span> <span class='ocrx_word' id='word_1_164' title='bbox 660 3217 815 3301; x_wconf 88' lang='lat' dir='ltr'><strong>municipii</strong></span> <span class='ocrx_word' id='word_1_165' title='bbox 845 3219 892 3279; x_wconf 87' lang='lat' dir='ltr'><strong>sui</strong></span> <span class='ocrx_word' id='word_1_166' title='bbox 912 3220 1086 3301; x_wconf 82' lang='lat' dir='ltr'><strong>corrupisse</strong></span> <span class='ocrx_word' id='word_1_167' title='bbox 1186 3239 1240 3277; x_wconf 80' lang='lat'><strong>21.</strong></span> 
     </span>
     <span class='ocr_line' id='line_1_25' title="bbox 230 3301 346 3362; baseline 0 0"><span class='ocrx_word' id='word_1_168' title='bbox 230 3301 346 3362; x_wconf 85' lang='lat' dir='ltr'><strong>curarit</strong></span> 
     </span>
    </p>
   </div>
   <div class='ocr_carea' id='block_1_5' title="bbox 151 3498 1244 4061">
    <p class='ocr_par' dir='ltr' id='par_1_12' title="bbox 151 3498 1244 4061">
     <span class='ocr_line' id='line_1_26' title="bbox 218 3498 1244 3572; baseline 0.002 -21"><span class='ocrx_word' id='word_1_169' title='bbox 218 3500 243 3568; x_wconf 73' lang='lat' dir='ltr'><strong>d.</strong></span> <span class='ocrx_word' id='word_1_170' title='bbox 263 3499 384 3569; x_wconf 77' lang='lat' dir='ltr'><strong>gladium</strong></span> <span class='ocrx_word' id='word_1_171' title='bbox 407 3518 458 3560; x_wconf 78' lang='lat' dir='ltr'><strong>orn.</strong></span> <span class='ocrx_word' id='word_1_172' title='bbox 475 3498 503 3554; x_wconf 83' lang='lat' dir='ltr'><em>A</em></span> <span class='ocrx_word' id='word_1_173' title='bbox 603 3500 628 3554; x_wconf 79' lang='lat'><strong>5.</strong></span> <span class='ocrx_word' id='word_1_174' title='bbox 652 3499 728 3572; x_wconf 87' lang='lat' dir='ltr'><strong>quod</strong></span> <span class='ocrx_word' id='word_1_175' title='bbox 749 3502 914 3570; x_wconf 78' lang='lat' dir='ltr'><strong>scriptume</strong></span> <span class='ocrx_word' id='word_1_176' title='bbox 1018 3521 1045 3572; x_wconf 79' lang='lat'><strong>9.</strong></span> <span class='ocrx_word' id='word_1_177' title='bbox 1073 3518 1130 3553; x_wconf 86' lang='lat' dir='ltr'><strong>non</strong></span> <span class='ocrx_word' id='word_1_178' title='bbox 1156 3502 1244 3553; x_wconf 80' lang='lat' dir='ltr'><strong>om.B</strong></span> 
     </span>
     <span class='ocr_line' id='line_1_27' title="bbox 154 3569 1240 3644; baseline -0.002 -20"><span class='ocrx_word' id='word_1_179' title='bbox 154 3587 190 3628; x_wconf 80' lang='lat' dir='ltr'><strong>ro.</strong></span> <span class='ocrx_word' id='word_1_180' title='bbox 210 3571 443 3643; x_wconf 82' lang='lat' dir='ltr'><strong>quemadmodum</strong></span> <span class='ocrx_word' id='word_1_181' title='bbox 457 3571 567 3625; x_wconf 84' lang='lat' dir='ltr'><strong>dederit</strong></span> <span class='ocrx_word' id='word_1_182' title='bbox 586 3584 636 3623; x_wconf 83' lang='lat' dir='ltr'><strong>om.</strong></span> <span class='ocrx_word' id='word_1_183' title='bbox 658 3571 712 3624; x_wconf 81' lang='lat' dir='ltr'><strong>AB</strong></span> <span class='ocrx_word' id='word_1_184' title='bbox 855 3589 894 3626; x_wconf 87' lang='grc'><strong>11.</strong></span> <span class='ocrx_word' id='word_1_185' title='bbox 911 3569 1009 3644; x_wconf 82' lang='lat' dir='ltr'><strong>unum}</strong></span> <span class='ocrx_word' id='word_1_186' title='bbox 1030 3571 1103 3624; x_wconf 86' lang='lat' dir='ltr'><strong>unde</strong></span> <span class='ocrx_word' id='word_1_187' title='bbox 1121 3585 1134 3623; x_wconf 83' lang='grc' dir='ltr'><em>ε</em></span> <span class='ocrx_word' id='word_1_188' title='bbox 1155 3586 1204 3626; x_wconf 75' lang='lat' dir='ltr'><strong>eni.</strong></span> <span class='ocrx_word' id='word_1_189' title='bbox 1221 3590 1240 3622; x_wconf 81' lang='lat' dir='ltr'><strong>o</strong></span> 
     </span>
     <span class='ocr_line' id='line_1_28' title="bbox 151 3640 1244 3712; baseline 0.004 -21"><span class='ocrx_word' id='word_1_190' title='bbox 151 3640 263 3712; x_wconf 85' lang='lat' dir='ltr'><strong>aliquod</strong></span> <span class='ocrx_word' id='word_1_191' title='bbox 299 3661 350 3696; x_wconf 84' lang='lat' dir='ltr'><strong>om.</strong></span> <span class='ocrx_word' id='word_1_192' title='bbox 375 3643 407 3699; x_wconf 88' lang='grc' dir='ltr'><strong>Β.</strong></span> <span class='ocrx_word' id='word_1_193' title='bbox 523 3658 560 3694; x_wconf 83' lang='lat' dir='ltr'><strong>ra.</strong></span> <span class='ocrx_word' id='word_1_194' title='bbox 586 3640 688 3692; x_wconf 85' lang='lat' dir='ltr'><strong>bouum</strong></span> <span class='ocrx_word' id='word_1_195' title='bbox 719 3642 807 3692; x_wconf 80' lang='lat' dir='ltr'><strong>virum</strong></span> <span class='ocrx_word' id='word_1_196' title='bbox 837 3643 887 3695; x_wconf 71' lang='lat' dir='ltr'><strong>AB</strong></span> <span class='ocrx_word' id='word_1_197' title='bbox 939 3642 1030 3693; x_wconf 83' lang='lat' dir='ltr'><strong>virum</strong></span> <span class='ocrx_word' id='word_1_198' title='bbox 1055 3641 1159 3693; x_wconf 88' lang='lat' dir='ltr'><strong>bonum</strong></span> <span class='ocrx_word' id='word_1_199' title='bbox 1187 3643 1244 3695; x_wconf 79' lang='grc' dir='ltr'><strong>ΗΟ</strong></span> 
     </span>
     <span class='ocr_line' id='line_1_29' title="bbox 154 3710 1240 3785; baseline -0.001 -21"><span class='ocrx_word' id='word_1_200' title='bbox 154 3712 190 3764; x_wconf 88' lang='grc'><strong>15.</strong></span> <span class='ocrx_word' id='word_1_201' title='bbox 209 3713 370 3765; x_wconf 71' lang='lat' dir='ltr'><strong>Centuriam</strong></span> <span class='ocrx_word' id='word_1_202' title='bbox 390 3710 877 3785; x_wconf 65' lang='lat' dir='ltr'><strong>ABbcdesglrikimnoqrdt</strong></span> <span class='ocrx_word' id='word_1_203' title='bbox 948 3711 1138 3766; x_wconf 82' lang='lat' dir='ltr'><strong>Censorumli</strong></span> <span class='ocrx_word' id='word_1_204' title='bbox 1162 3714 1240 3782; x_wconf 78' lang='lat' dir='ltr'><strong>vulg,</strong></span> 
     </span>
     <span class='ocr_line' id='line_1_30' title="bbox 155 3782 1239 3856; baseline 0 -22"><span class='ocrx_word' id='word_1_205' title='bbox 155 3783 184 3835; x_wconf 81' lang='grc'><strong>16</strong></span> <span class='ocrx_word' id='word_1_206' title='bbox 201 3786 356 3852; x_wconf 80' lang='lat' dir='ltr'><strong>amplexato</strong></span> <span class='ocrx_word' id='word_1_207' title='bbox 365 3787 397 3835; x_wconf 89' lang='grc' dir='ltr'><em>Π</em></span> <span class='ocrx_word' id='word_1_208' title='bbox 404 3796 517 3856; x_wconf 82' lang='lat' dir='ltr'><strong>praeter</strong></span> <span class='ocrx_word' id='word_1_209' title='bbox 534 3786 560 3835; x_wconf 77' lang='lat' dir='ltr'><em>A</em></span> <span class='ocrx_word' id='word_1_210' title='bbox 566 3783 588 3834; x_wconf 86' lang='lat' dir='ltr'><em>B</em></span> <span class='ocrx_word' id='word_1_211' title='bbox 596 3782 612 3834; x_wconf 73' lang='lat' dir='ltr'><strong>lt</strong></span> <span class='ocrx_word' id='word_1_212' title='bbox 618 3802 668 3854; x_wconf 74' lang='grc' dir='ltr'><strong>ριν</strong></span> <span class='ocrx_word' id='word_1_213' title='bbox 674 3784 730 3850; x_wconf 63' lang='grc' dir='ltr'><strong>ςγξ</strong></span> <span class='ocrx_word' id='word_1_214' title='bbox 740 3799 761 3832; x_wconf 82' lang='lat' dir='ltr'><em>u</em></span> <span class='ocrx_word' id='word_1_215' title='bbox 770 3799 810 3850; x_wconf 79' lang='grc' dir='ltr'><strong>ρτ</strong></span> <span class='ocrx_word' id='word_1_216' title='bbox 828 3783 966 3835; x_wconf 79' lang='lat' dir='ltr'><strong>Priscian.</strong></span> <span class='ocrx_word' id='word_1_217' title='bbox 975 3802 1002 3853; x_wconf 86' lang='lat' dir='ltr'><strong>p.</strong></span> <span class='ocrx_word' id='word_1_218' title='bbox 1012 3799 1061 3851; x_wconf 76' lang='lat'><strong>797</strong></span> <span class='ocrx_word' id='word_1_219' title='bbox 1073 3786 1102 3836; x_wconf 72' lang='lat' dir='ltr'><strong>P.</strong></span> <span class='ocrx_word' id='word_1_220' title='bbox 1133 3784 1239 3852; x_wconf 87' lang='lat' dir='ltr'><strong>ample·</strong></span> 
     </span>
     <span class='ocr_line' id='line_1_31' title="bbox 151 3849 1241 3924; baseline -0.001 -19"><span class='ocrx_word' id='word_1_221' title='bbox 151 3854 384 3924; x_wconf 76' lang='lat' dir='ltr'><strong>xntorABitpw</strong></span> <span class='ocrx_word' id='word_1_222' title='bbox 407 3854 468 3911; x_wconf 84' lang='lat' dir='ltr'><strong>rell.</strong></span> <span class='ocrx_word' id='word_1_223' title='bbox 487 3849 546 3906; x_wconf 77' lang='lat' dir='ltr'><strong>edd.</strong></span> <span class='ocrx_word' id='word_1_224' title='bbox 620 3857 798 3904; x_wconf 82' lang='lat' dir='ltr'><strong>coniunctum</strong></span> <span class='ocrx_word' id='word_1_225' title='bbox 819 3870 956 3904; x_wconf 83' lang='lat' dir='ltr'><strong>esserum</strong></span> <span class='ocrx_word' id='word_1_226' title='bbox 981 3870 1011 3903; x_wconf 86' lang='lat' dir='ltr'><strong>re</strong></span> <span class='ocrx_word' id='word_1_227' title='bbox 1031 3855 1087 3904; x_wconf 84' lang='lat' dir='ltr'><strong>AB</strong></span> <span class='ocrx_word' id='word_1_228' title='bbox 1121 3871 1181 3905; x_wconf 88' lang='lat' dir='ltr'><strong>cum</strong></span> <span class='ocrx_word' id='word_1_229' title='bbox 1209 3871 1241 3904; x_wconf 87' lang='lat' dir='ltr'><strong>re</strong></span> 
     </span>
     <span class='ocr_line' id='line_1_32' title="bbox 152 3921 1242 3994; baseline 0.002 -23"><span class='ocrx_word' id='word_1_230' title='bbox 152 3925 220 3992; x_wconf 81' lang='lat' dir='ltr'><strong>conj.</strong></span> <span class='ocrx_word' id='word_1_231' title='bbox 250 3941 308 3977; x_wconf 83' lang='grc'><strong>1111</strong></span> <span class='ocrx_word' id='word_1_232' title='bbox 336 3925 392 3976; x_wconf 74' lang='grc' dir='ltr'><strong>ΒΟ</strong></span> <span class='ocrx_word' id='word_1_233' title='bbox 517 3940 558 3990; x_wconf 81' lang='lat'><strong>¹7·</strong></span> <span class='ocrx_word' id='word_1_234' title='bbox 584 3923 664 3992; x_wconf 86' lang='lat' dir='ltr'><strong>dum]</strong></span> <span class='ocrx_word' id='word_1_235' title='bbox 691 3941 753 3974; x_wconf 87' lang='lat' dir='ltr'><strong>cum</strong></span> <span class='ocrx_word' id='word_1_236' title='bbox 779 3927 814 3974; x_wconf 91' lang='grc' dir='ltr'><em>Π</em></span> <span class='ocrx_word' id='word_1_237' title='bbox 836 3935 948 3994; x_wconf 77' lang='lat' dir='ltr'><strong>praeter</strong></span> <span class='ocrx_word' id='word_1_238' title='bbox 972 3927 995 3976; x_wconf 89' lang='lat' dir='ltr'><em>A</em></span> <span class='ocrx_word' id='word_1_239' title='bbox 1005 3924 1061 3976; x_wconf 85' lang='lat' dir='ltr'><strong>Bw</strong></span> <span class='ocrx_word' id='word_1_240' title='bbox 1071 3943 1082 3988; x_wconf 93' lang='lat'><strong>,·</strong></span> <span class='ocrx_word' id='word_1_241' title='bbox 1118 3921 1242 3984; x_wconf 73' lang='grc' dir='ltr'><strong><em>αδεζς</em></strong></span> 
     </span>
     <span class='ocr_line' id='line_1_33' title="bbox 155 3993 1239 4061; baseline 0 -17"><span class='ocrx_word' id='word_1_242' title='bbox 155 4011 189 4061; x_wconf 84' lang='lat'><strong>¹9·</strong></span> <span class='ocrx_word' id='word_1_243' title='bbox 217 4012 300 4046; x_wconf 77' lang='lat' dir='ltr'><strong>marin</strong></span> <span class='ocrx_word' id='word_1_244' title='bbox 330 3996 455 4056; x_wconf 7' lang='lat' dir='ltr'><strong>ruanB</strong></span> <span class='ocrx_word' id='word_1_245' title='bbox 490 3997 534 4047; x_wconf 81' lang='lat' dir='ltr'><strong>sui</strong></span> <span class='ocrx_word' id='word_1_246' title='bbox 558 3995 612 4048; x_wconf 77' lang='grc' dir='ltr'><strong>ΒΟ</strong></span> <span class='ocrx_word' id='word_1_247' title='bbox 683 3995 833 4045; x_wconf 86' lang='lat' dir='ltr'><strong>iudicatum</strong></span> <span class='ocrx_word' id='word_1_248' title='bbox 861 3993 956 4046; x_wconf 76' lang='lat' dir='ltr'><strong>ABlic</strong></span> <span class='ocrx_word' id='word_1_249' title='bbox 981 3997 1083 4059; x_wconf 71' lang='lat' dir='ltr'><strong>(corr)</strong></span> <span class='ocrx_word' id='word_1_250' title='bbox 1194 4010 1239 4045; x_wconf 81' lang='lat' dir='ltr'><strong>ao.</strong></span> 
     </span>
    </p>
   </div>
   <div class='ocr_carea' id='block_1_6' title="bbox 150 4060 1240 4187">
    <p class='ocr_par' dir='ltr' id='par_1_13' title="bbox 150 4060 1240 4187">
     <span class='ocr_line' id='line_1_34' title="bbox 150 4060 1240 4187; baseline 0.003 -69"><span class='ocrx_word' id='word_1_251' title='bbox 150 4066 268 4187; x_wconf 47' lang='lat' dir='ltr'><strong>§rpperi</strong></span> <span class='ocrx_word' id='word_1_252' title='bbox 285 4080 430 4136; x_wconf 79' lang='lat' dir='ltr'><strong>perronam</strong></span> <span class='ocrx_word' id='word_1_253' title='bbox 448 4082 467 4115; x_wconf 80' lang='grc' dir='ltr'><strong>α</strong></span> <span class='ocrx_word' id='word_1_254' title='bbox 612 4082 653 4119; x_wconf 58' lang='lat' dir='ltr'><strong>ar,</strong></span> <span class='ocrx_word' id='word_1_255' title='bbox 678 4068 814 4118; x_wconf 80' lang='lat' dir='ltr'><strong>curaverit</strong></span> <span class='ocrx_word' id='word_1_256' title='bbox 840 4060 940 4118; x_wconf 71' lang='lat' dir='ltr'><strong>Ante</strong></span> <span class='ocrx_word' id='word_1_257' title='bbox 961 4068 1076 4130; x_wconf 83' lang='lat' dir='ltr'><strong>(corr.)</strong></span> <span class='ocrx_word' id='word_1_258' title='bbox 1137 4065 1240 4120; x_wconf 78' lang='lat' dir='ltr'><strong>curarit</strong></span> 
     </span>
    </p>
   </div>
   <div class='ocr_carea' id='block_1_7' title="bbox 0 0 1375 4696">
    <p class='ocr_par' dir='ltr' id='par_1_14' title="bbox 0 0 1375 4696">
     <span class='ocr_line' id='line_1_35' title="bbox 0 0 1375 4696; baseline 0 0"><span class='ocrx_word' id='word_1_259' title='bbox 0 0 1375 4696; x_wconf 95' lang='lat' dir='ltr'><strong> </strong></span> 
     </span>
    </p>
   </div>
  </div>
 </body>
</html>
