2736 4696
603 200 782 266 CRlTlCA.
933 190 936 201 Δ
1168 226 1237 300 ¹99
1276 269 1280 280 ι

243 408 290 449 ιο.
313 387 368 448 sed
385 386 484 448 labori
504 397 534 448 et
563 387 708 470 periculi:
736 365 817 467 iulg.
845 382 899 444 sed
927 381 1079 466 pericrdit
1115 390 1147 439 at
1175 399 1237 440 non

155 504 242 554 tanta
261 501 306 554 est
326 492 417 554 buius
434 491 493 554 loci
512 491 559 554 vis
578 501 609 552 et
631 491 829 568 vehementia,
849 500 884 550 nt
905 486 1064 578 anaphora
1080 486 1238 547 commode

156 601 346 663 adhibeatur.

240 706 315 787 105,
337 729 368 769 a.
392 706 571 786 maritavit]
591 706 655 769 scil.
675 704 732 786 lex,
752 705 842 788 plane
862 715 1023 785 utsupra:
1045 702 1237 788 quriieadcm

153 816 208 902 lex
226 817 325 876 statim
345 814 504 896 adiungit?
543 814 593 875 Sic
611 814 727 877 nullam
748 834 868 875 causam
888 812 978 874 video
1010 811 1147 871 mutandi
1167 832 1237 871 cum

155 920 273 982 Orellio
301 923 507 994 (nummatum
526 941 583 1002 pro
603 920 794 995 nominarit),
828 919 881 999 qui
901 921 926 978 si
947 916 1070 999 vulgata
1090 919 1237 999 scriptura

151 1029 331 1107 retineatur,
351 1029 453 1087 omnia
474 1026 567 1087 haece
589 1022 770 1109 deirmeps-
782 1026 959 1100 mmtmvit,
983 1047 1001 1085 a
1020 1023 1144 1088 librario
1164 1050 1236 1109 pro-

151 1137 230 1197 fecta
246 1155 309 1195 esse
320 1143 448 1207 censeat,
463 1136 535 1215 quia
547 1144 667 1215 tempus
679 1134 875 1214 praeteritum
889 1152 951 1191 non
961 1134 1056 1214 possit
1068 1145 1157 1195 stam.
1176 1136 1237 1197 Sed

151 1245 223 1303 satis
243 1251 349 1301 uotum
370 1251 427 1317 est,
455 1239 548 1302 libros
568 1251 598 1301 et
617 1240 765 1323 quidquid
785 1243 931 1321 seriptum
950 1251 1132 1314 asservatur,
1154 1263 1237 1302 nunc

149 1351 234 1431 quasi
265 1350 297 1407 in
329 1349 499 1429 praesentia
531 1347 645 1429 aliquid
666 1349 778 1409 referre
801 1358 853 1407 aut
873 1349 1028 1407 nominare
1051 1349 1122 1424 dici,
1154 1370 1236 1410 nunc

148 1467 242 1531 tum,
273 1476 370 1538 quum
401 1453 631 1534 scribebantur,
658 1453 796 1516 retulisse
816 1465 846 1514 et
870 1456 1055 1515 nominasse:
1084 1456 1126 1516 sie
1157 1455 1235 1519 b.l.
1339 1481 1341 1489 ’

147 1566 255 1627 eadem
276 1565 323 1626 lex
344 1564 435 1628 modo
456 1564 571 1647 aliquid
587 1563 736 1647 adtingit,
749 1564 841 1625 modo
862 1585 923 1624 non
944 1565 1045 1623 minus
1059 1573 1127 1643 apte
1138 1566 1236 1625 omnis

152 1674 341 1754 magistratus
363 1675 542 1736 nominauit.

236 1779 281 1843 15.
303 1779 393 1840 INV
388 1781 420 1840 E
440 1779 641 1866 SENATU]
664 1780 713 1841 Sic
735 1778 804 1840 dedi
820 1779 951 1860 optimos
965 1777 1058 1839 libros
1077 1791 1233 1861 sequutus:

147 1907 221 1947 nam
248 1886 347 1968 quod
363 1908 455 1969 supra
476 1909 507 1948 v.
529 1889 561 1950 5.
583 1887 758 1972 legebatur:
790 1887 937 1972 QUIVE
964 1887 1019 1947 IN
1041 1885 1234 1964 SENATU,

146 1994 178 2055 id
199 1994 401 2055 necessarium
421 1994 536 2055 eratin
561 1993 691 2076 abrupta
711 1993 859 2054 formulae
880 1995 970 2052 serie.

236 2122 284 2185 ¹7·
308 2104 382 2187 Qm's
400 2124 470 2184 ergo
493 2135 533 2148 -
554 2103 617 2184 lege
635 2104 712 2163 nolit
720 2100 746 2184 ?]
772 2102 890 2162 Mutavi
911 2100 1235 2180 distinctionem,quae

145 2211 237 2294 vulgo
265 2215 307 2272 ita
335 2224 508 2294 comparata
528 2223 611 2286 erat,
645 2213 732 2294 quasi
759 2211 853 2287 verba
898 2211 954 2292 qui
978 2221 1074 2267 tamen
1094 2241 1136 2253 -
1157 2208 1234 2267 nolit

144 2339 322 2401 responsum
349 2322 540 2382 continerent
562 2321 771 2403 quaestionise
801 2319 875 2402 Quis
893 2337 962 2398 ergo
984 2321 1050 2376 est?
1068 2334 1160 2396 quam
1181 2334 1232 2374 ra·

143 2427 259 2486 tionem
279 2427 370 2487 etiam
389 2425 523 2487 Orelbus
545 2447 643 2508 nuper
662 2425 772 2486 diserte
791 2423 927 2504 exposuit
947 2432 977 2482 et
998 2420 1144 2482 defendit.
1170 2420 1232 2481 Sed

145 2533 257 2592 mirum
278 2544 354 2594 esset
377 2532 534 2594 Ciceronis
553 2553 693 2612 acumen,
713 2533 739 2592 si
762 2530 847 2591 illam
869 2531 908 2591 de
927 2530 992 2611 lege
1010 2529 1228 2610 quaestionemt

112 2626 117 2633 ¹
147 2641 221 2723 Quis
240 2662 310 2722 ergo
330 2653 373 2702 est
402 2640 549 2701 Cluentius
582 2639 646 2705 scil.
669 2660 789 2712 eorum,
824 2641 878 2722 qui
896 2640 952 2698 istc
983 2639 1046 2718 lege
1076 2642 1235 2696 tenemur?

128 2828 133 2836 Ι
143 2757 262 2829 praeter
281 2749 419 2809 omnium
441 2748 693 2828 exspectationem
704 2746 792 2806 brevi
810 2766 931 2805 morum
951 2745 1016 2804 eius
1030 2742 1233 2825 descriptione

143 2861 174 2912 et
194 2851 285 2912 laude
307 2851 449 2913 solveret.
492 2851 665 2935 Numquam
685 2851 743 2913 boc
765 2851 842 2912 mihi
862 2849 1047 2933 persuadeo:
1069 2850 1122 2910 sed
1152 2848 1230 2911 illud

141 2957 180 3019 de
200 2958 266 3041 lege
285 2971 510 3041 argumentum,
527 2981 593 3042 'quo
612 2961 683 3022 satis
704 2958 867 3040 probatum
888 2969 963 3030 erat,
991 2956 1164 3018 Cluentium
1192 2978 1229 3017 ea

141 3085 205 3126 non
227 3067 348 3146 teneri,
369 3067 483 3148 optime
509 3077 613 3128 orator
632 3068 675 3126 sic
695 3065 884 3145 interrogans
904 3061 1067 3140 concludit,
1094 3071 1129 3121 ut
1149 3060 1229 3122 nihii

142 3171 320 3253 responderi
348 3173 460 3254 possita
482 3172 516 3234 Si
549 3170 707 3232 Cluentius
743 3191 842 3252 neque
869 3170 1076 3251 magistratum
1105 3168 1224 3246 habuit,

139 3300 240 3361 neque
263 3281 293 3341 in
317 3292 424 3343 senatu
444 3283 625 3343 sententiam
645 3279 740 3354 dixit,
774 3279 843 3361 quis
864 3298 935 3361 ergo
955 3286 1017 3356 est,
1050 3278 1103 3358 qui
1123 3289 1227 3340 tamen

138 3387 261 3449 delendi
281 3410 403 3452 causam
424 3410 512 3450 suam
532 3388 597 3471 lege
616 3385 715 3454 nolit?
742 3386 776 3448 b.
800 3407 828 3446 e.
861 3405 1046 3478 quamquem
1073 3384 1125 3446 ille
1152 3384 1228 3469 legis

136 3494 284 3557 beneficio
304 3497 350 3556 uti
380 3497 521 3556 recusat?
539 3527 581 3541 —
621 3492 739 3576 Nempe
759 3492 886 3554 omnino
905 3501 1035 3553 nonest
1058 3492 1138 3553 inter
1159 3475 1226 3573 eos,

136 3602 191 3686 qui
209 3601 275 3686 lege
294 3610 446 3667 tenentur.

224 3709 300 3787 106,
336 3709 383 3774 15.
408 3722 485 3794 quae
504 3721 534 3771 te
553 3730 575 3771 a
594 3729 641 3770 me
667 3705 836 3769 desiderare
861 3705 1005 3780 arbitror}
1065 3707 1150 3768 Haec
1176 3716 1223 3768 est

135 3817 253 3899 egregia
276 3817 426 3899 scriptura
450 3818 634 3899 optimorum
662 3815 812 3894 codicum,
826 3835 904 3898 quae
924 3815 956 3875 in
975 3813 1099 3897 reliquis
1119 3815 1220 3876 omni·

133 3922 191 3986 bus
211 3945 306 4006 prava
324 3923 520 3986 librariorum
540 3925 725 3986 correctione
744 3925 870 3999 interiit,
889 3943 952 3984 uon
973 3922 1217 4006 intelligentium,

133 4036 196 4098 iam
229 4037 399 4097 orationem
434 4035 473 4098 ad
505 4034 634 4099 Accium
667 4032 829 4100 converti:
864 4031 940 4096 haec
973 4032 1068 4117 igitur
1089 4032 1168 4095 inter
1188 4049 1223 4094 se
1314 4032 1321 4037 ”
