2736 4696
416 275 809 341 montumano.
1052 260 1055 264 ’
1114 311 1195 390 19·

64 486 146 540 eme
171 488 280 566 usus,
306 462 597 569 proscribendos
619 463 977 571 interficiendosque
1000 490 1163 574 curaret.

64 591 225 689 Itaque,
252 586 328 660 illis
348 585 605 663 crudelissime
629 588 854 684 interfectis,
880 617 960 665 non
980 593 1162 670 mediocri
1204 577 1208 587 ,

66 710 120 786 ab
145 736 190 786 eo
216 712 333 787 ceteri
351 708 640 815 proscriptionis
656 730 695 785 et
711 713 843 787 mortis
861 731 966 786 metu
983 717 1164 792 teneban-

19 916 23 922 ,
68 852 148 910 tur·
197 835 267 910 His
284 835 398 909 rebus
416 833 458 906 in
476 859 585 908 causa
607 832 828 937 iudicioque
845 837 1057 939 patefactis,
1076 839 1163 941 quis
1243 905 1245 908 Α

47 964 143 1050 test,
162 959 235 1061 qui
256 958 369 1033 illum
387 958 527 1035 absolvi
548 958 713 1063 potuisse
732 958 1011 1034 arbitraretur?
1034 966 1161 1066 Atquo
1185 962 1209 1033 9

67 1084 165 1160 haec
188 1108 306 1187 parva
331 1103 440 1159 sunt:
480 1085 690 1186 cognoscite
717 1085 881 1186 reliqua,
917 1102 962 1158 ut
987 1112 1067 1161 non
1091 1086 1161 1158 ali·

67 1206 230 1310 quando
256 1206 551 1283 condemnatum
586 1233 661 1282 esse
687 1207 965 1310 Oppianicum,
1002 1207 1069 1283 sed
1092 1209 1162 1284 ali-

68 1330 261 1435 quamdiu
287 1332 520 1407 incolumem
542 1330 656 1405 fuisse
681 1330 885 1419 miremini.

168 1457 346 1532 Primum
369 1455 494 1533 videte
511 1453 679 1530 hominis
696 1453 907 1530 audaciam·
944 1455 1100 1531 Sassiam
1118 1455 1161 1531 in
1192 1470 1233 1533 26

32 1580 368 1657 romatrimonium
385 1579 534 1669 ducere,
548 1577 687 1653 Habiti
706 1598 884 1667 matrem,
903 1579 1027 1667 illam,
1055 1579 1165 1655 cuius

67 1703 200 1780 virum
216 1691 382 1814 Aurium
409 1702 619 1790 occiderat,
646 1703 875 1806 concupivit.
927 1705 1068 1776 Utrum
1093 1703 1165 1775 im·

69 1825 284 1934 pudentior
308 1825 393 1916 hic,
420 1825 489 1927 qui
516 1823 701 1928 postulet,
727 1850 777 1896 an
804 1820 998 1897 crudelior
1023 1821 1106 1912 illa,
1132 1823 1163 1897 si

70 1949 217 2038 nubat,
239 1947 411 2022 'difficile
442 1947 551 2021 dictu
581 1964 644 2020 est.
697 1945 772 2055 Sed
801 1963 929 2020 tamen
961 1945 1165 2046 utriusque

69 2071 357 2147 humanitatem
371 2071 700 2172 constantiamque
718 2071 938 2172 cognoscite.
972 2071 1073 2175 Petit
1086 2072 1164 2176 Op-
1185 2113 1221 2176 27

35 2192 269 2299 aspianicus,
292 2212 339 2268 ut
362 2194 434 2269 sibi
450 2191 564 2268 Sassia
589 2193 731 2281 nubat,
757 2211 796 2267 et
821 2191 1023 2296 id'magno
1050 2219 1165 2298 opere

71 2316 284 2393 contendit.
334 2318 566 2391 Illa-autem
598 2341 678 2389 non
705 2311 921 2391 admiratur
945 2315 1162 2396 audaciam,

73 2466 155 2514 non
179 2428 468 2543 impudentiam
495 2452 741 2540 aspernatur,
770 2435 849 2510 non
866 2416 1033 2541 denique
1058 2441 1167 2516 illam
1225 2421 1231 2427 .

74 2561 284 2667 Oppianici
304 2558 478 2650 domum,
503 2561 578 2635 viri
594 2558 653 2634 sui
671 2560 856 2662 sanguine
873 2560 1165 2656 redundantem,

74 2684 318 2764 reformidat:
335 2685 400 2761 sed
416 2683 522 2789 quod
536 2683 695 2758 haberet
712 2684 777 2757 ille
795 2703 868 2758 tres
885 2685 999 2774 filios,
1020 2687 1164 2763 idcirco

40 2837 113 2896 20oe
137 2810 187 2887 ab
215 2808 275 2884 bis
307 2805 455 2909 nuptiis
479 2803 686 2880 abhorrere
711 2805 915 2909 respondit
977 2808 1165 2911 Oppiani-

76 2963 161 3026 cus,
185 2932 257 3038 qui
276 2928 480 3045 pecuniam
500 2928 637 3003 Sassiae
653 2928 942 3032 concupivisset,
962 2928 1074 3005 domo
1092 2931 1164 3006 sibi

75 3051 344 3173 quaerendum
363 3047 576 3123 remedium
593 3047 819 3124 existimavit
839 3047 887 3123 ad
906 3075 989 3124 eam
1007 3079 1165 3142 moram,

77 3208 178 3287 quae
201 3176 351 3283 'nuptiis
374 3174 615 3248 afferebatur.
665 3174 762 3247 Nam
785 3200 909 3276 quum
936 3174 1106 3251 haberet
1122 3202 1168 3250 ex

78 3305 196 3384 Novia
232 3302 422 3377 infantem
455 3298 612 3387 filium,
647 3299 744 3372 alter
776 3316 904 3372 autem
933 3299 1013 3374 eius
1046 3300 1166 3390 filius,

100 3498 105 3515 ·
131 3451 134 3458 ¹
157 3474 191 3535 5.
208 3469 400 3549 terrebantur
486 3425 537 3529 ιι.Ι
553 3466 594 3526 Α.
614 3467 742 3526 Aurium
829 3487 877 3550 ¹9·
889 3478 952 3560 tres
972 3466 1023 3528 ille

151 3624 173 3660 r.
194 3602 410 3657 curavttttnv
452 3600 586 3653 curaverit
605 3617 622 3648 a
680 3599 757 3651 aira
775 3617 793 3650 a
864 3600 888 3652 3.
909 3599 1074 3652 tenebantur
1093 3601 1166 3654 ΑΒί

81 3675 328 3731 tenebanturlto
418 3669 442 3741 4.
464 3671 511 3742 qui
531 3668 638 3739 agitio
672 3685 716 3719 va
795 3669 1167 3731 5-arbitretura,Weislrii

49 3749 115 3823 ,cpi
187 3763 212 3816 7.
231 3745 388 3797 damnatum
409 3759 427 3794 a
462 3739 609 3810 aliquando
654 3737 867 3808 efgltorstus
955 3742 978 3792 8.
997 3741 1166 3792 miraremini
1247 3744 1251 3751 ’

82 3836 100 3870 a
187 3834 214 3887 9.
231 3811 589 3882 SasiambciSaxiamq
682 3827 719 3860 ιι.
743 3808 853 3859 aurium
871 3810 951 3882 AB'q
1002 3813 1035 3868 Α.
1054 3812 1167 3862 Aurium

81 3889 133 3942 ΒΟ
225 3905 262 3938 ra.
280 3886 403 3954 postulet
421 3882 554 3954 Babciq
664 3883 701 3929 13.
722 3877 822 3928 dictum
841 3897 880 3948 ps
982 3882 1020 3938 18,
1043 3879 1164 3952 domum]

84 3958 221 4010 dexteram
239 3957 329 4010 Palat.
346 3959 365 4011 6
384 3965 411 4006 et
435 3973 447 4022 7
469 3971 512 4024 ap.
542 3953 617 4003 Grac.
638 3949 730 4020 nullus
750 3947 826 4000 codd.
849 3961 1021 4016 nostrorum,-
1049 3952 1168 4020 ικλμν

84 4032 221 4094 (corrcq)
256 4043 305 4078 om„
327 4025 490 4095 abcipwu
560 4019 752 4088 sauguinemB
816 4037 853 4086 tp
873 4019 1013 4081 habetdc
1047 4022 1095 4073 ille
1112 4029 1166 4073 tres

85 4099 134 4151 AB
168 4097 355 4151 tresinelto
390 4111 480 4150 ause
500 4093 591 4146 om.B
627 4107 667 4140 ar.
688 4088 794 4140 Sassiae
812 4089 955 4157 pecuniam
974 4089 1012 4141 bc
1048 4092 1089 4156 al,
1109 4091 1168 4142 No-

85 4166 169 4221 uinta
187 4167 275 4240 bcqoe
310 4164 463 4219 Novimus
496 4160 659 4215 Nominiaw
694 4156 837 4229 infantem]
858 4175 893 4209 ne
912 4165 975 4211 ante
987 4172 1023 4230 pt
1057 4179 1092 4214 ue
1111 4162 1166 4214 iuri

85 4245 186 4293 antcu
218 4236 347 4294 navitae
368 4253 410 4290 rs·
439 4233 610 4305 antebiqw
644 4227 758 4283 omdlr
794 4228 983 4283 filiuseiusa
1066 4256 1069 4261 Δ
