2736 4696
72 306 74 310 Α
142 229 211 328 ,93
554 216 804 282 aunorauo

138 402 279 466 Ceterum
300 403 356 464 duc
371 405 434 486 lege
453 402 542 466 valde
560 403 750 465 incommode
762 403 886 465 dictum.
897 403 986 483 foret,
996 401 1051 464 ubi
1065 401 1222 464 nulladum

136 524 218 575 certa
238 512 285 574 lex
303 526 535 574 commemorata
556 522 632 573 erat.

154 643 159 651 ·
224 639 300 696 roa,
328 621 375 681 13.
396 641 488 705 neque
509 640 557 680 me
577 621 633 681 illu
653 622 752 682 oratio
773 617 979 702 commoneret]
1028 619 1223 700 Quamquam

138 727 173 790 b.
195 727 217 790 l.
242 731 343 810 magni
362 730 443 808 viri,
464 728 619 808 Ernestii,
640 728 785 789 iudicium
806 748 876 807 cum
901 727 1085 810 palimpsesti
1107 725 1218 810 Tauri·

136 841 236 900 nensis
257 838 434 899 auctoritate
454 839 633 914 consentiat,
655 847 757 898 tamen
777 858 838 897 non
859 854 1002 908 moveor,
1030 854 1093 915 quo
1122 834 1222 894 miuus

137 946 317 1028 scripturam
337 945 376 1005 ab
395 945 528 1026 utroque
549 943 789 1005 commendatam
818 959 986 1007 commovet
1013 963 1104 1003 verae
1132 939 1224 1001 huius

136 1047 195 1112 loci
218 1051 328 1111 rationi
348 1071 518 1133 repugnare
536 1071 684 1112 censeam.
707 1088 710 1098 ι
728 1050 789 1110 Sed
809 1071 881 1111 vera
901 1053 980 1111 ratio
1001 1070 1112 1132 magno
1134 1067 1225 1129 opere

137 1169 173 1218 eo
202 1153 363 1217 obscurata
397 1168 472 1235 erat,
496 1157 577 1239 quod
597 1159 696 1239 capite
714 1177 794 1217 novo
825 1177 905 1236 nova
927 1155 1016 1239 plane
1044 1166 1074 1216 et
1097 1177 1116 1236 a
1136 1176 1225 1237 supe-

136 1257 268 1325 rioribus
286 1263 436 1324 disiuncta
457 1267 604 1325 sententia
634 1266 765 1346 incipere
792 1264 972 1325 videbaturz
995 1263 1078 1346 quod
1101 1263 1226 1341 minime

136 1390 244 1434 verum
263 1381 318 1431 est.
362 1370 562 1432 Continuatur
590 1373 670 1433 euim
691 1374 755 1434 sine
776 1371 841 1433 ulla
861 1388 965 1434 sensus
985 1370 1226 1454 interpellatione

136 1479 299 1561 superioris
311 1478 415 1559 capitis
435 1479 543 1553 oratio,
558 1479 612 1539 uhi
632 1480 803 1541 ostenderat
823 1479 938 1558 Cicero,
961 1501 992 1541 se
1013 1479 1094 1541 hanc
1117 1477 1225 1560 agendi
1257 1472 1260 1478 ’

135 1587 217 1647 viam
234 1584 380 1675 Cluentio,
395 1588 452 1667 ipsi
472 1589 703 1669 morigerantcm
723 1589 847 1648 iniisse:
877 1588 1002 1664 simileid
1020 1585 1110 1663 uliud
1127 1599 1224 1644 actum

73 1721 77 1729 ·
123 1693 255 1772 finisset,
279 1694 394 1775 inquit,
425 1693 486 1753 uisi
503 1707 535 1754 ut
556 1695 632 1754 hauc
653 1715 773 1754 cassam
791 1694 1011 1767 obtineremus,
1035 1695 1102 1777 *lege
1119 1693 1223 1751 recito·

135 1812 197 1861 tata
222 1822 427 1884 perorassem,⁰
468 1810 498 1862 et
526 1804 669 1862 continuo
706 1803 820 1884 pergite
856 1823 948 1886 neque
980 1821 1027 1862 me
1049 1800 1107 1860 illa
1127 1798 1224 1858 oratio

135 1923 343 1982 commoveret,
373 1910 456 1992 quod
482 1911 527 1970 ait
558 1909 668 1971 Accius
697 1920 769 1970 cett.
804 1906 871 1970 scil.
895 1919 973 1982 tum,
995 1908 1021 1969 si
1042 1905 1119 1969 nihil
1141 1903 1224 1965 aliud

135 2035 227 2101 quam
249 2014 326 2076 illud
355 2028 504 2098 ageretur.
560 2018 610 2079 Sic
639 2020 741 2079 omnia
769 2019 884 2102 optime
918 2010 1094 2088 cohaerent,
1126 2030 1226 2092 neque

135 2121 223 2185 aliter
249 2122 308 2181 dici
340 2126 458 2205 potuitr
488 2145 558 2185 nam
578 2147 674 2208 quum
695 2135 798 2185 orator
817 2122 882 2184 sole
901 2121 967 2204 iege
988 2123 1044 2181 niti
1065 2138 1224 2179 recusave-

136 2231 197 2305 rit,
214 2221 216 2236 '
236 2250 330 2311 quum
362 2233 405 2291 ita
422 2219 555 2294 causam
576 2235 670 2316 egisse
682 2226 746 2294 'sibi
768 2232 918 2310 videatur,
938 2242 973 2291 ut
993 2226 1071 2289 nihil
1092 2226 1225 2287 criminis

137 2338 171 2421 in
191 2336 332 2399 Cluentio
351 2339 491 2400 relictum
511 2362 575 2401 esse
596 2351 716 2422 speret,
738 2362 800 2400 non
822 2340 864 2400 sic
887 2343 992 2399 'contra
1014 2335 1142 2396 Accium
1170 2333 1226 2393 ¹di-

136 2445 321 2528 sputandum
342 2458 417 2522 erat,
439 2450 525 2530 quasi
545 2447 661 2509 nuliam
680 2448 771 2509 aliam
792 2447 973 2509 defensionis
1001 2445 1150 2503 rationem
1169 2442 1225 2502 ha-

135 2550 233 2626 beret,
256 2574 348 2636 quam
369 2553 441 2637 legis
462 2555 625 2616 auxilium:
655 2555 730 2616 haec
750 2560 855 2615 tamen'
872 2547 1069 2615 Ernestianae
1097 2549 1225 2632 scriptu-

136 2679 191 2742 rae
210 2659 289 2720 soret
309 2663 467 2722 sententia.

225 2767 301 2845 103,
338 2787 386 2826 ιο.
421 2768 454 2827 ἰη
484 2757 538 2828 isto
561 2767 639 2847 loco]
681 2765 773 2846 Quod
802 2765 951 2826 Gruterus
980 2764 1155 2827 victorium
1176 2783 1222 2824 se-

40 2851 43 2856 *
138 2845 250 2955 unctus
272 2873 355 2947 (Var.
382 2872 478 2953 Le'ctt.
511 2859 666 2932 1.'xxiV.
678 2893 704 2932 c.
720 2871 760 2950 2.)
771 2880 835 2931 tam
859 2870 967 2931 acriter
986 2879 1093 2930 'contra
1117 2882 1224 2929 sartum

138 2969 281 3040 Lambini
302 2978 448 3039 iudicium
461 2976 624 3056 defendit,
646 2979 680 3039 in
699 2981 753 3040 troc
772 2992 856 3040 sexto
878 2971 953 3052 loco,
985 2979 1124 3039 omnium
1161 2974 1224 3034 ¹iere

138 3093 313 3144 nostrorum
353 3085 493 3144 codicum
527 3085 704 3145 auctoritate
732 3080 923 3144 destituitur:
946 3092 1044 3143 sextus
1072 3083 1225 3143 Praetoris

137 3174 302 3251 ⁵ri'iudi‘cio
327 3186 411 3252 locus
431 3189 509 3251 nihil
529 3192 587 3251 nisi
604 3201 810 3251 'commentum
832 3201 933 3252 est-ex
953 3190 1014 3250 hoc
1032 3193 1100 3272 ipso
1116 3189 1224 3250 -locoa

50 3359 58 3366 ,
137 3287 277 3359 victorio
298 3296 497 3358 confictum:
516 3309 548 3358 at
576 3310 672 3375 sexto,
693 3295 743 3360 vel
762 3311 850 3375 sesto,
880 3296 963 3379 quod
980 3295 1073 3356 codd.
1100 3295 1224 3377 quidam

46 3444 48 3456 »
137 3395 293 3479 exhibent,
323 3423 357 3462 ex
378 3406 521 3484 corrupta
540 3421 616 3465 voce
636 3404 698 3467 *nto
716 3412 819 3464 ortum
847 3413 912 3486 est,
933 3413 968 3464 ut
989 3403 1068 3465 bene
1093 3406 1225 3467 ostendit

138 3500 337 3570 Garatouius.
459 3512 465 3526 ‘
686 3526 688 3531 ·

227 3614 305 3694 104,
330 3635 362 3675 2.
385 3614 422 3675 C.
457 3613 611 3699 Orchiam}
665 3614 755 3678 'Hanc
782 3615 916 3677 nominis
946 3615 1076 3677 formam
1097 3629 1128 3679 et
1147 3619 1181 3679 h.
1204 3618 1225 3678 Ι.

135 3718 171 3784 'et
204 3723 294 3805 supra
322 3720 525 3806 p.''65‚117;
558 3724 743 3805 optimorum
764 3723 905 3784 oodicmn
926 3742 1089 3784 consensus
1108 3735 1223 3803 tuetur,

137 3828 280 3912 idemque
314 3833 544 3891 commemorari
574 3831 697 3892 ridetur
716 3833 752 3891 in
771 3831 888 3892 linoe
907 3832 995 3913 petit.
1022 3851 1105 3894 cons.
1127 3856 1155 3895 c.
1180 3833 1225 3911 5.,

137 3925 195 3998 ubi
222 3923 315 3999 codex
348 3936 506 4000 Palatinus
533 3958 589 4021 pro
616 3936 740 4020 vulgato
763 3939 797 4006 G.
830 3938 970 4001 Oreiatai
984 3951 1127 4003 nostram
1150 3943 1226 4004 serie

137 4037 265 4127 oniam
288 4047 322 4118 C.
348 4045 486 4109 oroncii
501 4047 641 4137 praebet.-
664 4055 687 4083 ²

212 4143 271 4194 χ
592 4176 597 4181 .
