2736 4696
212 274 282 327 ,ω
628 230 878 306 annonario

297 450 344 513 ¹7·
370 449 467 513 quam.
479 427 535 488 ulti
553 439 605 487 aut
623 426 692 487 urbi
708 418 904 511 aut'hospitz]
943 423 1028 485 Nihil
1051 428 1174 504 certius,
1193 441 1291 509 wem

209 532 416 618 probatissima
437 535 512 596 haec
537 535 684 615 scriptura
706 555 724 594 a
746 534 878 604 Graeuio
905 531 1017 592 frustra
1042 542 1167 598 tentata.
1211 534 1289 596 Nam

206 643 288 726 quod
308 641 382 704 dicit
400 641 472 721 ille,
500 640 538 702 de
570 640 760 702 urbemodo
782 643 843 700 iam
882 639 997 699 dictum
1018 659 1102 718 esse,
1132 639 1165 699 id
1193 661 1290 722 quam

206 751 334 811 maxime
353 759 489 810 nostram
508 758 629 808 tuetur:
660 768 732 807 nam
756 757 787 809 et
811 748 935 830 hospites
957 747 1025 806 iam
1058 750 1289 815 commemorati

205 869 291 934 sunt,
316 869 346 918 et
365 857 502 918 consulto
523 866 687 936 utrumque
706 855 746 915 ab
766 865 885 916 oratore
907 855 1018 915 iterum
1036 855 1180 936 ponitur:
1201 859 1289 942 nocti

203 967 305 1055 potius
325 977 355 1027 et
382 964 550 1041 solitudini,
585 983 677 1044 quam
704 962 774 1023 urbi
799 973 848 1023 aut
871 960 1040 1039 hospitibus
1067 960 1197 1023 Sassiam
1222 983 1289 1024 sese

203 1094 395 1136 commisisse.
827 1152 829 1157 A

291 1204 362 1276 136,
386 1221 414 1258 2.
435 1191 592 1279 qiwsdum]
630 1193 710 1253 Vide
738 1215 776 1253 an
807 1214 841 1254 ex
871 1195 977 1276 optimi
1007 1195 1075 1256 eod.
1112 1196 1288 1263 florentini
1340 1205 1346 1218 '

190 1308 349 1387 ¹§criptura
364 1320 449 1384 ‘quos
472 1300 597 1361 fortasse
629 1302 717 1386 quasi
744 1303 962 1361 restituendum
988 1302 1037 1367 sit.
1088 1301 1207 1363 Inutilis
1236 1278 1286 1366 est

199 1411 373 1472 coniectura
392 1408 539 1485 Weiskii,
575 1411 629 1492 qui
647 1412 784 1472 merocles
813 1409 1004 1471 scribendum
1030 1412 1198 1493 suspicatur
1224 1434 1284 1496 pro

199 1518 286 1581 ulios.
919 1536 922 1545 ’

281 1667 332 1712 22.
354 1646 506 1707 mmmuni
522 1643 633 1704 Italiae
648 1664 724 1728 pace
743 1645 777 1704 in
800 1643 963 1706 dontesticas
981 1647 1074 1730 copiis
1091 1667 1151 1706 csse
1173 1648 1280 1733 tottam]

197 1753 321 1816 Primus
341 1751 488 1812 libiorum
508 1752 706 1834 scripturam,
741 1752 825 1811 cuius
845 1773 884 1811 ne
902 1753 1078 1814 varietatem
1099 1754 1222 1836 quidem
1243 1778 1280 1818 ex

197 1859 263 1922 ullo
281 1860 385 1922 codice
403 1870 553 1920 enotatam
571 1881 635 1921 esse
652 1847 763 1934 video,v
775 1861 944 1943 Naugerius
955 1863 989 1921 in
1001 1860 1112 1921 Aldina
1130 1862 1277 1942 deseruit,

197 1986 347 2052 reponens
366 1966 521 2050 vulgatum
541 1964 618 2026 illud
640 1967 673 2026 in
699 1969 850 2026 communi
876 1967 987 2028 Italiae
1010 1987 1087 2050 pace
1111 1968 1276 2031 doooestziu's

195 2075 287 2157 copiis
303 2091 366 2132 esse
385 2085 497 2134 cumin.-
528 2091 619 2153 quem
640 2070 749 2152 reliqui
768 2093 872 2132 ornnes
885 2073 1014 2134 editores
1041 2078 1161 2155 sequuti
1192 2091 1274 2146 sunt.

196 2182 257 2244 Sed
278 2181 418 2242 idoneam
437 2178 553 2239 nullam
575 2177 643 2238 talis
667 2178 805 2240 licentiae
822 2201 952 2267 ,causam
969 2179 1077 2242 video:
1098 2183 1274 2248 donrestieac

196 2292 301 2373 ωρὶαε
320 2288 440 2364 iocose,
469 2288 521 2369 qui
541 2296 609 2367 post
629 2287 766 2348 virorum
795 2287 953 2348 discessum
983 2284 1144 2350 domorum
1173 2315 1273 2354 rema·

194 2419 216 2458 n
235 2408 271 2457 nt
297 2393 412 2456 incolae
446 2394 609 2468 dicuntur,
650 2416 752 2473 senes,
786 2393 939 2473 mulieres,
976 2394 1126 2458 infantes:
1160 2401 1274 2481 quibus

195 2527 289 2589 quum
310 2503 454 2586 oppidum
475 2504 506 2563 in
526 2503 661 2564 absentia
680 2486 845 2568 ceterorum
879 2499 1110 2566 custodiendum
1127 2507 1271 2585 traditur,

192 2611 401 2674 benedicitur
422 2625 513 2672 totum
533 2613 566 2671 in
585 2613 626 2670 iis
644 2633 709 2673 esse.

281 2748 348 2830 157,
374 2748 425 2813 23.
445 2745 642 2807 laridaiiosem
660 2739 823 2824 decretam]
866 2740 1027 2826 Egregium
1060 2745 1141 2806 lianc
1166 2753 1270 2809 emen'-

193 2853 347 2914 dationem
369 2851 489 2913 duobus
508 2846 624 2927 optimis
651 2846 740 2912 codd.
769 2849 937 2911 debemust
973 2854 1005 2912 ln
1038 2855 1161 2938 vulgata
1196 2862 1272 2919 serl-

193 2970 285 3044 ptuffi
303 2960 503 3021 ιωιᾰαιῑοηηη
521 2952 642 3013 decreta
662 2965 693 3014 et
707 2953 837 3037 pluralis
857 2958 1065 3021 lmadabomun
1084 2963 1266 3042 offendebat,

192 3077 225 3129 et
246 3068 364 3128 demta
383 3060 497 3127 nonnisi
523 3061 684 3123 artificiosa
703 3065 820 3126 ratione
839 3064 878 3126 dc
903 3066 968 3148 ipsa
987 3065 1159 3131 laudatione
1179 3072 1271 3133 intel·

191 3171 244 3258 ligi
261 3174 372 3257 potuit.

278 3303 348 3381 ὥς,
368 3297 415 3360 13.
441 3297 539 3380 Quam
557 3319 618 3358 non
637 3297 654 3335 *
675 3301 772 3361 abesse
792 3302 882 3386 cett]
904 3305 1003 3367 Huius
1022 3299 1128 3390 capitis
1148 3314 1270 3374 initium

190 3407 343 3471 dedimus,
364 3401 455 3484 quale
474 3404 545 3465 inde
564 3426 583 3467 a
603 3406 754 3470 Lambino
775 3410 808 3470 in
828 3413 970 3475 omnibns
988 3414 1171 3478 editionibus
1193 3419 1268 3503 legi-

190 3525 261 3593 tur,
276 3529 339 3569 non
365 3521 466 3569 tumen
487 3513 552 3572 sine
573 3515 750 3597 suspicionis
768 3529 864 3580 nota:
888 3543 960 3582 nam
977 3520 1066 3603 plura
1080 3523 1112 3584 in
1125 3545 1163 3584 eo
1177 3527 1270 3591 valde

189 3623 301 3683 imm
321 3628 403 3681 sunt.
443 3617 582 3679 Primum
601 3621 697 3684 verba
715 3645 807 3709 qima
826 3650 885 3689 non
906 3633 1007 3690 neseio
1022 3635 1108 3691 euius
1129 3633 1270 3711 (fonnsse

186 3721 386 3805 Nic.Angelii
405 3726 449 3800 (in
469 3724 518 3790 ed.
540 3727 673 3808 Iuntina)
695 3735 885 3797 coniecturae
903 3737 1070 3800 debentur:
1092 3760 1161 3800 num
1175 3744 1270 3806 codd.

185 3847 292 3888 omnes
309 3827 429 3910 qimudo
447 3830 603 3895 exhibent:
634 3845 700 3896 tum
722 3861 753 3900 v.
781 3841 829 3908 16.
861 3844 956 3905 verba
987 3867 1076 3932 quem
1108 3850 1217 3915 sellem
1248 3877 1268 3917 a

184 3934 336 3995 lambino
356 3933 459 3995 addita
479 3951 571 4001 sunt:
605 3942 735 4028 denique
753 3971 840 4033 posse
859 3955 891 4014 in
908 3954 1094 4035 paucisdnis
1113 3958 1268 4024 inferioris

185 4051 276 4104 Μ
297 4041 384 4100 Μὸὃ-
409 4057 553 4126 trum
579 4049 689 4134 reliqu
711 4075 833 4138 pom
850 4071 985 4127 tunm.
1027 4061 1120 4126 Nobis
1139 4069 1267 4150 puden
