2736 4696
138 289 219 390 ³7⁶
272 230 279 243 '¹
562 277 813 344 annonario

144 483 216 544 locis
235 494 266 543 et
283 476 482 566 mamssimis)
510 490 619 544 neutra
640 483 813 544 satisfacere
835 487 958 562 potest:
981 496 1054 539 nam
1073 483 1111 538 ut
1130 494 1233 537 unum

142 608 295 668 moneam,
314 593 348 651 in
367 591 462 671 priori
483 589 665 652 adiectivum
684 590 872 650 inanissimis
891 586 931 648 ad
948 588 1047 669 ipsum
1059 583 1236 662 Staienum,

141 696 176 756 in
196 693 290 754 altera
309 692 440 754 alterum
462 697 637 757 miserrimis
665 693 704 756 ad
724 695 790 755 loca
809 714 873 754 non
892 703 961 774 apte
979 693 1122 756 trahitur.
1165 690 1236 755 Sed

141 821 238 883 quum
264 790 361 861 ‘verba
383 803 416 861 in
435 802 510 864 lacis
532 806 566 863 in
593 801 683 885 longe
703 799 852 885 plerisque
873 811 903 860 et
923 803 1042 883 optimis
1062 799 1155 862 MSS.
1177 820 1233 860 ex-

86 960 93 972 ,
141 917 245 985 stent,
266 907 305 968 de
326 907 366 968 iis
384 907 435 968 vin
455 906 590 968 dubitari
609 917 729 990 potesta
758 916 825 967 tum
846 916 948 967 autem
966 926 1022 989 pro
1043 914 1130 967 sex-to
1158 924 1234 965 casu

60 1094 65 1102 ἱ
140 1015 321 1075 miserrimis
342 1016 375 1074 in
396 1015 515 1096 egregio
535 1007 605 1074 cod.
624 1012 804 1075 Florentino
826 1022 856 1072 et
876 1006 1010 1097 quinque
1030 1013 1156 1077 Oxonn.
1180 1009 1234 1094 (ut

140 1122 291 1206 videtur),
314 1123 347 1184 in
366 1123 575 1185 vetustissimis
594 1123 726 1206 denique
745 1121 928 1185 editionibus
957 1123 1073 1205 primus
1101 1121 1235 1180 miserri-

139 1250 204 1292 mm
231 1217 375 1316 apparet,
404 1251 496 1313 quem
523 1235 687 1294 sententiae
715 1232 794 1293 ratio
814 1243 917 1314 aperte
937 1229 1076 1316 flagitat:
1098 1229 1154 1291 sed
1174 1229 1234 1291 ob·

140 1346 202 1398 stat
224 1336 335 1419 copula
356 1350 385 1398 et
399 1326 479 1399 „ante
498 1338 691 1418 insanissimis,
712 1359 804 1420 quam
815 1340 913 1420 ipsam
932 1339 964 1399 in
984 1337 1126 1421 plurimis
1135 1337 1229 1400 codd.

139 1443 309 1508 ablativum
331 1447 505 1506 miserrimis
526 1448 675 1528 peperisse
697 1447 843 1528 suspicor.
874 1444 947 1521 „sed
967 1445 1042 1506 mihi
1065 1447 1168 1529 potius
1192 1436 1231 1508 in

139 1549 197 1614 ista
229 1551 339 1635 copula
366 1553 477 1614 vitium
502 1549 597 1613 latere
625 1551 766 1613 videtur:
795 1552 896 1613 nescio
927 1572 968 1614 an
997 1553 1108 1614 Cicero
1136 1555 1172 1618 iu
1194 1573 1232 1616 re

138 1669 204 1720 tam
231 1658 330 1740 lepide
353 1670 384 1719 et
404 1659 500 1720 facete
519 1641 670 1738 narrata,
685 1659 832 1719 sanorem
852 1658 982 1720 formam
1001 1680 1094 1721 ausus
1114 1664 1175 1722 sits
1197 1663 1232 1725 its

138 1765 214 1827 locis
242 1767 502 1844 exinanitissimis,
526 1786 605 1848 quae
626 1785 698 1826 sane
717 1764 859 1825 facillime
879 1769 1034 1850 corrumpi
1060 1769 1229 1851 potuissets

138 1871 264 1954 simplex
285 1873 437 1955 participii
457 1872 554 1932 forma
575 1870 687 1933 Nostro'
707 1870 789 1931 haud
812 1870 934 1932 insolita
953 1883 1017 1933 est:
1043 1875 1109 1936 vid.
1134 1875 1228 1938 Verr.

21 2026 25 2031 .
137 1979 179 2042 V.
189 2001 218 2040 c.
236 1977 288 2058 40.
317 1978 392 2056 1042
413 1982 446 2040 in
465 1980 612 2064 enm,q1a'
630 1979 707 2039 solia
726 1979 862 2040 habuerit
882 1994 1062 2044 connatam
1073 2006 1187 2046 navem
1200 1996 1230 2047 et

141 2088 239 2148 atinus
259 2089 459 2149 exinanitam.
472 2087 511 2149 de
532 2086 591 2170 leg.
611 2085 689 2169 Agr.
712 2086 758 2168 tl,
774 2109 803 2149 c.
821 2101 871 2171 27.
886 2109 945 2170 pas
964 2093 1160 2173 vmtigalibns
1176 2093 1228 2155 ob-

140 2195 235 2275 latis,
262 2198 352 2258 sociis
370 2198 509 2271 vexatis,
543 2197 658 2278 regt'bus
677 2210 764 2281 atque
782 2198 917 2259 omnibus
934 2199 1066 2280 gentibus
1088 2202 1228 2262 cecinam-

134 2305 185 2368 tis.
210 2336 252 2350 -
293 2302 420 2364 Interim
449 2304 602 2387 copulam,
624 2325 758 2380 causam,
779 2307 899 2387 opinor,
920 2308 1042 2386 erroris,
1065 2309 1154 2370 uncis
1179 2311 1226 2369 in·

134 2411 293 2474 clusimus.
309 2445 350 2459 -
390 2409 520 2492 Meuia,
547 2412 631 2495 quod
668 2435 724 2496 pro
738 2414 810 2474 locis
830 2413 989 2475 Ernestius
1008 2415 1150 2491 coniecit,
1159 2413 1226 2476 nul·

134 2518 174 2582 lis
209 2517 300 2581 codd.
330 2521 463 2602 vestigiis
483 2520 641 2582 firmatur:
675 2521 747 2582 locis
776 2542 839 2582 non
859 2531 957 2603 potest
977 2521 1224 2605 reprehendi,si

135 2639 243 2711 aptum
277 2629 434 2712 epitheton
463 2641 586 2692 nactum
608 2630 716 2706 fuerit,
749 2627 840 2712 quale
859 2639 904 2690 est
923 2637 1064 2689 nostrum
1083 2630 1223 2694 exinani·

135 2737 274 2814 tissimis,-
310 2748 345 2798 ut
377 2759 481 2799 sensus
513 2740 571 2801 sit:
597 2739 680 2801 unde
713 2740 817 2799 emnia
844 2747 1030 2820 corraserat,
1065 2761 1163 2824 quum
1189 2759 1222 2800 eo

140 2854 244 2908 tantae
264 2868 336 2930 opes
355 2848 455 2908 subito
475 2846 720 2950 confluxissenm

224 2988 271 3055 13.
296 2987 501 3074 Oppianicum
521 2990 666 3052 mennaei
685 2989 750 3053 vid.
773 2990 812 3052 ad
834 3010 862 3052 c.
889 2981 937 3071 ii.
962 2988 1017 3072 43.
1075 2945 1079 2952 Ι
1107 3051 1111 3057 ,

229 3127 276 3208 14.
297 3130 383 3214 Quid
408 3132 531 3193 tandem
539 3130 570 3216 ?]
612 3132 662 3193 Sic
684 3132 782 3194 multo
815 3132 925 3195 melius
947 3132 1085 3196 hominis
1103 3125 1221 3195 audacia

137 3237 340 3318 exprimitur,
369 3240 456 3321 quasi
484 3240 669 3323 indignantis
689 3235 766 3318 sibi,
788 3241 871 3324 quod
892 3242 1099 3303 subsidlomm
1128 3242 1221 3324 inopia

137 3340 325 3424 aliquamdiu
346 3343 560 3420 haesitaverit,
583 3348 644 3406 iam
662 3357 764 3407 autem
786 3368 908 3410 omnem
928 3339 1152 3412 dubitationem
1173 3351 1222 3412 ab·

136 3446 284 3512 iicientis:
318 3451 478 3534 vulgatum
513 3452 566 3539 qni
586 3453 733 3513 tandem?
754 3451 975 3514 dubitationem
1003 3456 1144 3518 nondum
1170 3478 1220 3540 po⁴

135 3557 225 3618 sitam
253 3557 423 3631 indicaret:
457 3578 530 3619 nam
561 3569 639 3620 esset
657 3557 719 3619 tale
740 3559 813 3641 quid
836 3559 1058 3642 supplendum:
1088 3563 1142 3648 qui
1160 3577 1220 3624 tan·

137 3665 208 3727 dem
228 3686 293 3727 rem
313 3665 491 3727 imtitnam?
510 3687 593 3729 nunc
614 3675 715 3728 autem
736 3687 792 3728 nos
811 3667 976 3750 cogitamus
988 3688 1006 3762 ξ,
1020 3664 1097 3752 queit
1107 3669 1221 3732 mndem

135 3781 317 3837 moramur?
878 3772 881 3787 '

220 3914 278 3995 50,
310 3936 358 3977 11.
391 3936 430 3977 ne
460 3917 584 3998 gratis:
616 3913 695 3978 male
721 3914 782 3979 boc
813 3914 950 3978 Orellius
985 3915 1085 3978 Bulbo
1105 3915 1218 3988 tribuit,
1267 3978 1270 3987 ,

139 4025 228 4106 quasi
257 4024 371 4086 Staieni
393 4024 488 4085 verba
519 4024 733 4107 interrogando
753 4026 933 4106 repetentis,
954 4023 1005 4084 sed
1029 4037 1135 4108 aperte
1154 4025 1220 4088 best

138 4133 184 4193 ita
201 4131 373 4216 iungenda:
396 4121 486 4193 simul
502 4143 590 4216 atque
609 4132 678 4194 lsac:
700 4153 765 4214 ‚,ne
782 4133 903 4213 gratis“
927 4131 1057 4194 aidini.
