2736 4696
543 264 722 330 omum.
915 319 916 322 γ
1093 273 1159 372 ¹87

174 455 204 516 5.
230 453 280 514 HS
293 453 403 536 CCCC]
449 451 631 514 »Lambinus
651 451 793 513 adversus
813 448 881 510 edd.
904 449 1001 507 omnis
1021 443 1165 505 emenda··

89 560 142 620 bet
169 560 302 618 XXXX
318 561 431 620 millia:
466 559 546 640 quod
576 579 669 640 prope
697 577 802 621 verum
829 554 979 616 videbitur
998 552 1164 614 conferenti

91 689 156 750 cap.
193 691 236 730 ro.
252 690 307 749 pro
330 669 466 728 Caecina.
521 669 626 750 Neque
664 678 743 727 celte
778 664 847 747 plus
879 665 984 724 ceteris
1016 662 1164 740 accepisse

90 773 211 833 videtur
230 773 356 834 Falcula
376 795 410 834 ex
433 796 459 839 c.
483 794 531 854 27.
554 784 583 833 et
606 776 676 833 32...
709 773 758 831 Sic
779 771 969 830 Garatonius.
1004 765 1063 825 Sed
1085 762 1162 825 nihil

90 892 206 940 mutare
234 884 350 954 ausim,
382 884 453 962 quia
485 885 633 941 incertum
654 890 715 952 est,
746 900 784 938 an
807 874 987 937 Fidiculanii
1008 881 1163 933 accusator

90 986 213 1046 eandem
235 986 445 1068 corrumpendi
466 989 613 1048 rationem
633 985 827 1069 perspexerit,
839 1004 931 1065 quam
947 981 1052 1040 Cicero
1072 977 1162 1038 fuisse
1185 1062 1203 1076 α

89 1091 251 1153 contendit.

174 1244 220 1283 rr.
253 1223 378 1284 adducti
405 1221 514 1282 iudices
545 1237 627 1283 sunt:
663 1221 725 1286 scil.
756 1233 790 1282 ut
819 1222 1003 1282 iudicarent:
1032 1221 1162 1282 eundem

90 1326 173 1389 verbi
196 1348 285 1387 usum
306 1327 398 1388 babes
418 1328 456 1388 ad
478 1329 542 1387 Att.
569 1327 632 1400 XI,
663 1325 717 1386 16:
742 1348 794 1406 ego
821 1349 880 1386 mm
900 1328 1033 1388 adducor
1060 1349 1162 1412 quem-

89 1436 298 1519 quambomuu
319 1438 412 1495 ullum
434 1437 675 1520 salrdernputare
696 1437 863 1494 minitanti
882 1437 983 1504 fuisse.
1026 1435 1098 1496 Fin.
1131 1436 1159 1512 I,

92 1541 118 1601 5.
142 1537 199 1617 14:
223 1540 305 1600 Nam
326 1542 403 1601 illud
422 1542 543 1638 quidem¹
561 1541 674 1601 adduci
701 1541 760 1600 nix
783 1562 928 1624 possum,
960 1556 992 1602 ut
1019 1562 1059 1602 ea
1087 1561 1168 1628 qnae·

89 1649 206 1706 senserit
225 1648 289 1720 ille,
309 1649 364 1708 tibi
382 1664 441 1708 non
454 1669 526 1707 vera
546 1647 712 1707 medeantur.
748 1645 869 1706 Addnct
888 1649 980 1728 igitur
998 1647 1054 1707 bec
1076 1647 1178 1730 ellip-'‚

89 1754 144 1813 tica
165 1755 283 1814 ratione
304 1756 412 1835 passivi
433 1753 531 1814 locum
553 1754 668 1813 obtinet
690 1753 775 1813 verbi
789 1755 977 1838 persuadere,
992 1775 1052 1835 quo
1074 1775 1165 1837 aegre

92 1872 171 1922 caret
191 1863 287 1921 oratio
319 1861 424 1923 latina.
490 1862 596 1943 itaque
616 1884 677 1921 uon
698 1884 773 1944 opus
794 1873 837 1922 est
860 1863 999 1922 Ciceroni
1031 1859 1163 1923 insolens

92 1967 219 2028 verbum
241 1960 376 2028 ¹addocti
407 1968 582 2043 obtrudere,
615 1969 697 2050 quod
727 1971 827 2028 nescio
854 1990 892 2028 an
919 1991 1067 2049 nusquam
1091 1968 1163 2030 alibi

91 2071 206 2155 legatur
232 2075 288 2134 nisi
319 2097 367 2156 ap.
400 2075 507 2138 Horat.
559 2076 656 2156 Epist.
688 2076 721 2148 l,
751 2073 781 2136 ὅ.
819 2076 878 2137 18:
909 2077 1079 2152 (ebrietas)
1105 2077 1163 2138 ad·

89 2179 171 2240 docet
201 2195 298 2260 artes3
333 2202 388 2242 nec
423 2184 486 2240 sine
513 2181 621 2241 idonea
647 2202 749 2243 causa:
773 2192 817 2242 est
848 2183 952 2242 enim:
974 2205 1067 2244 nouas
1086 2185 1164 2245 artis

89 2287 177 2352 docet.

169 2431 229 2513 73,
266 2449 312 2487 ια.
342 2427 510 2512 respondet]
562 2430 708 2506 Quamvis
737 2428 887 2492 reluctans
910 2432 1034 2514 paulum
1055 2424 1188 2496 recessi*

88 2539 124 2600 ab
144 2542 329 2621 optimorum
350 2538 497 2598 librorum
525 2540 697 2619 scriptura,
730 2539 782 2620 qui
818 2539 970 2622 respondit
999 2539 1160 2602 exhibente

88 2648 137 2708 scd
164 2651 196 2707 in
223 2647 483 2707 terminationibus
522 2657 645 2728 propter
679 2647 855 2728 compendia
888 2649 1054 2727 scripturae
1078 2668 1163 2707 error

87 2778 198 2838 pronus
219 2767 281 2817 est:
303 2775 443 2838 praesens
465 2765 592 2835 tempus,
607 2755 807 2835 praecedente
827 2750 921 2815 altero
942 2754 1026 2834 dicit,
1047 2755 1168 2814 ratione·

87 2862 214 2947 flagitari
234 2863 405 2924 videbatur.

167 3003 227 3086 74,
252 3004 282 3064 5.
302 3025 343 3064 em
364 3004 528 3064 hominibus
556 3001 639 3087 ι’ρείε]
683 3003 726 3064 Ne
747 3024 842 3063 unum
872 3001 994 3084 quidem
1027 3001 1161 3062 codicem

85 3111 139 3174 sibi
175 3113 385 3173 assentientem
417 3112 550 3192 habent,
584 3114 636 3196 qui
669 3112 831 3191 nominibus
869 3095 1039 3190 dederunt,
1067 3108 1101 3168 h.
1130 3128 1160 3196 e.

86 3223 254 3308 Naugerius
275 3235 306 3284 et
327 3223 381 3304 qui
400 3233 567 3304 sequuntur
589 3230 707 3303 praeter
726 3218 910 3280 Lambinum
930 3228 960 3278 et
982 3206 1161 3280 Graeriuma

86 3335 137 3394 sed
160 3335 250 3394 etiam
271 3334 418 3392 sententia
436 3341 586 3411 receptam
602 3352 619 3388 a
633 3329 720 3389 nobis
734 3327 892 3388 lectionem
904 3325 992 3385 unice
1016 3322 1162 3405 postulate

87 3441 167 3503 nihil
188 3463 222 3501 ex
243 3439 417 3500 nominibus
437 3439 624 3520 probationis
646 3443 705 3521 peti
727 3436 922 3520 poterat‚nisi
938 3422 1022 3516 vquod
1042 3431 1166 3495 nomine

84 3548 258 3610 hominibus
278 3546 462 3606 adhaerent:
485 3544 621 3607 homines
643 3541 998 3619 desc1·ibuntur,virtutes
1016 3548 1046 3599 et
1063 3539 1165 3598 existi-

87 3658 234 3718 mationes
255 3675 382 3731 eorum;
404 3653 428 3713 si
448 3653 571 3712 nomina
594 3651 758 3728 docerent,
779 3648 855 3710 nihil
875 3648 933 3709 nisi
952 3648 1075 3708 nomine
1098 3641 1169 3705 dori·v

86 3762 246 3829 debebant.
296 3759 422 3822 Accedit
442 3757 531 3842 quod
553 3768 719 3842 pronomen
738 3757 771 3817 tt
801 3756 919 3832 eutii,
952 3753 1035 3837 quod
1064 3755 1165 3812 statim

86 3859 233 3953 sequitur,
242 3868 350 3930 diserte
372 3869 411 3929 ad
429 3869 560 3930 domines
580 3866 771 3928 referendum
793 3874 853 3925 est:
867 3863 900 3922 in
915 3860 1166 3940 alterascriptura

86 3974 140 4056 a'ut
159 3966 257 4058 plane¹
277 3975 406 4036 otiosum
435 3984 485 4035 est
510 3984 563 4034 a'ut
589 3971 768 4048 molestum,
792 3966 875 4054 quod
894 3967 1044 4030 neminem
1063 3950 1167 4026 tumen¹
1269 4038 1272 4043 Ι

87 4076 296 4142 recentioium·
306 4077 509 4164 interpremm·
525 4076 696 4140 commovit.
