2736 4696
158 285 207 376 34
619 263 781 341 orario

159 464 257 539 riam
283 464 535 568 ignominiam
562 465 837 570 impedimento
862 490 936 542 esse
969 440 1145 572 oportere
1165 450 1286 579 ‘'dus''

79 604 135 646 ¹22
160 605 312 661 xerunt·
338 589 517 662 Censores
543 588 710 691 denique
735 587 807 694 ipsi
830 613 1104 693 saepenumero
1138 592 1256 698 supe-

160 709 308 784 riorum
318 712 527 786 Censorum
552 709 704 785 iudiciis
728 708 773 804 (si
793 712 861 787 ista
886 708 1028 797 iudicia
1054 712 1270 816 appellare·

159 832 290 928 vultis)
317 862 395 908 nou
420 854 619 911 steterunt.
669 839 795 937 Atque
820 838 937 910 etiam
971 835 1043 941 ipsi
1078 837 1183 913 inter
1213 862 1255 913 se

159 959 338 1042 Censores
353 985 419 1032 sua
436 958 580 1033 iudicia
602 959 699 1034 tanti
714 984 789 1033 esse
810 959 1060 1050 arbitrantur,
1087 975 1136 1037 ut
1152 962 1190 1037 al

160 1079 317 1153 alterius
342 1081 532 1157 iudicium
557 1109 638 1183 uon
663 1079 777 1156 modo
804 1081 1164 1187 reprebendattsed
1183 1073 1253 1163 ct·

159 1204 237 1277 iam
274 1202 481 1278 rescindat:
514 1221 561 1277 ut
586 1207 684 1279 alter
717 1203 764 1278 de
797 1225 938 1295 senatu
967 1230 1117 1282 movere
1140 1205 1251 1302 velit,

158 1331 256 1405 alter
282 1332 447 1405 retineat
471 1347 509 1402 et
533 1327 669 1404 ordine
698 1330 934 1434 amplissimo
965 1327 1129 1432 dignum
1153 1329 1275 1415 exisr

161 1455 287 1530 timet:
314 1473 360 1529 ut
384 1455 481 1528 alter
506 1454 548 1528 in
575 1455 739 1530 aerarios
764 1454 898 1529 referri
914 1447 916 1451 ’
935 1472 1010 1530 ειη,
1028 1454 1137 1530 trib'u
1161 1482 1252 1531 mo-

157 1568 238 1658 veri
265 1580 414 1668 iubeat,
446 1581 544 1654 alter
567 1598 676 1655 vetet.
728 1581 859 1677 Quare
877 1559 1064 1681 quivobis
1080 1574 1272 1655 iumen-t

160 1691 237 1784 tem
261 1702 377 1792 venit,
404 1703 497 1776 haec
522 1704 716 1807 appellare
733 1701 900 1785 iudicia,
922 1729 1022 1805 quae
1046 1729 1069 1776 a
1102 1703 1255 1808 populo

159 1826 341 1915 rescindi,
368 1827 417 1898 ab
443 1826 577 1900 iuratis
602 1825 796 1901 iudicibus
826 1825 1053 1931 repudiari,
1076 1852 1099 1900 a
1132 1827 1282 1931 magi-1

66 2030 68 2038 ,
159 1952 343 2030 stratibus
371 1949 522 2051 negligi,
549 1950 598 2023 ab
631 1951 696 2039 iis,
727 1949 797 2052 qui
832 1948 993 2026 eandem
1024 1968 1256 2054 potestatem

160 2076 290 2180 adepti
316 2090 424 2167 sunt,
449 2074 698 2166 commutari,
724 2074 827 2152 inter
852 2074 1012 2177 collegas
1036 2071 1259 2182 discrepare
1293 2152 1295 2175 2

117 2229 119 2233 ⁴
158 2199 339 2277 videatis?
497 2244 500 2249 -
676 2274 679 2279 ,
1255 2206 1295 2289 ¹⁵}

84 2339 136 2412 44
261 2325 371 2421 Quae
396 2349 519 2425 quum
545 2321 598 2396 ita
623 2322 717 2414 sint,
741 2320 946 2413 videamus,
971 2320 1070 2424 quid
1095 2320 1260 2399 tandem
1290 2400 1294 2409 ,

81 2465 137 2525 123
161 2453 341 2525 Censores
367 2445 414 2519 de
440 2447 507 2520 illo
534 2445 679 2520 iudicio
706 2465 890 2550 corrupto
913 2444 1096 2521 iudicasse
1111 2444 1258 2520 dicau-

161 2594 237 2649 tur·
298 2576 352 2646 Ac
378 2571 550 2675 primum
577 2569 675 2646 illud
704 2590 931 2659 statuamus,
965 2589 1124 2662 utrum,
1157 2572 1269 2676 quia⁴

160 2699 338 2772 Censores
354 2696 657 2800 subscripserint,
683 2695 736 2770 ita
761 2695 819 2784 sit,
844 2723 905 2785 an,
924 2695 1018 2797 quia
1037 2694 1090 2770 ita
1120 2694 1258 2788 fuerit,

159 2820 220 2894 illi
244 2818 548 2923 subscripserint.
600 2817 637 2892 si
674 2815 781 2902 ideo,
807 2822 900 2918 quia
936 2815 1295 2920 subscripserinttoo

158 2943 294 3033 videte,
321 2943 419 3045 quid
443 2943 570 3044 agatis,
593 2969 640 3016 ne
659 2941 702 3014 in
727 2965 1048 3043 unumquemque
1075 2957 1259 3056 nostrum

161 3070 389 3145 Censoribus
415 3066 456 3139 in
471 3084 666 3168 posterum
686 3082 909 3166 potestatem
923 3061 1067 3164 regiam
1092 3061 1257 3165 permit·

162 3194 269 3269 tatis:
298 3218 347 3266 ne
372 3187 602 3292 subscriptio
625 3185 803 3260 Censorio
830 3211 909 3259 non
937 3185 1066 3277 minus
1095 3184 1256 3260 calami·

240 3383 275 3441 ὅ.
297 3376 442 3462 appellari
544 3397 572 3458 7.
595 3375 712 3435 moveri
815 3394 862 3439 11.
885 3373 999 3456 populo
1023 3374 1165 3435 Romano

233 3566 255 3599 ι.
283 3546 513 3616 impedimentum
547 3538 957 3614 bedesgbiklorstuvdt
1039 3539 1124 3617 resse]
1160 3541 1248 3595 inesse

45 3652 48 3657 -
160 3632 203 3670 αε
239 3611 750 3686 dixeruntabcdesgbiknovdc
862 3613 923 3670 .3.
945 3611 1084 3682 appellare
1105 3610 1160 3666 AB
1201 3629 1249 3681 op·¹
1292 3632 1295 3637 ·

159 3689 258 3759 pellari
278 3689 333 3742 ΗΟ
489 3704 514 3755 7.
540 3683 713 3755 praescindat
731 3683 783 3734 AB
903 3697 1011 3734 movere
1029 3685 1079 3746 11,
1096 3680 1158 3736 edd.
1184 3695 1247 3734 onte
1273 3688 1276 3700 '

159 3779 176 3814 o
212 3760 314 3810 moveri
335 3768 451 3826 οπρστ
591 3753 741 3823 paerario
772 3751 872 3804 referre
897 3753 950 3805 AB
1080 3771 1119 3806 ιο.
1142 3766 1246 3808 movere

158 3832 212 3885 AB
287 3835 398 3879 vetata
575 3843 613 3876 tt.
634 3823 766 3908 appellari
786 3840 817 3908 ιιΙ
932 3818 1083 3926 Ιιιξροριιίο
1109 3825 1173 3910 ΑΒ.
1222 3837 1243 3906 'a

157 3899 405 4043 ibpqii’omanotii
417 3900 555 4018 (ilieuntur
573 3895 630 4025 aa}
649 3905 705 3946 emt
724 3895 770 4032 ip.
789 3894 1001 4035 iibbiridiridioies
1022 3896 1120 4034 mpla·
1139 3893 1243 4023 oiddi}

44 4043 51 4057 “
158 4041 226 4092 baec
244 4039 307 4095 odd.
327 4038 361 4090 de
381 4039 430 4090 illo
451 4036 554 4088 indicio
574 4045 711 4103 corrupto.
802 4053 843 4086 ao.
864 4034 887 4085 si
905 4033 969 4086 ideo
988 4037 1053 4107 quia
1077 4035 1243 4104 subscripse-

159 4113 215 4162 rint
234 4112 331 4169 aaa
367 4106 429 4161 ideo
449 4125 497 4159 om.
516 4110 540 4159 A
609 4124 650 4159 at.
670 4103 883 4174 agatis,videte
901 4106 968 4166 ηεξ
1045 4114 1167 4162 restrum
1186 4119 1231 4164 ας
