2736 4696
153 266 224 339 „6
611 255 772 319 omaro
888 303 893 309 .
928 286 931 292 -

149 444 318 534 crimen,
344 441 409 520 sed
434 469 483 519 ne
507 442 594 518 licta
619 442 780 546 quidem
803 443 967 549 suspicio
984 443 1236 550 perveniret?
1255 470 1272 520 a

148 587 187 643 et
212 569 275 643 cui
301 594 381 645 non
406 565 520 643 modo
545 585 676 672 aperta
701 566 950 644 inimicorum
975 570 1235 673 oppugnatios

146 690 213 766 sed
250 716 300 764 ne
332 692 503 767 occultae
542 689 700 794 quidem
732 689 865 766 matris
896 689 1058 766 insidiae
1091 704 1236 788 nocere

145 815 367 925 potuissent.
392 815 578 890 Larinum
595 816 798 921 postquam
822 815 947 891 venit:
973 839 1074 918 quae
1098 817 1238 892 asnaa

147 963 238 1021 tone
273 945 341 1021 illo
373 971 565 1053 venenum
602 964 713 1021 antea
744 946 827 1022 viro
858 971 927 1022 suo
968 945 1122 1039 datum,
1158 947 1259 1025 sibit:

142 1096 369 1175 persuasum
393 1096 468 1147 esse
492 1069 710 1160 simulasset,
726 1069 956 1146 instructam
980 1071 1017 1145 ei
1042 1069 1238 1147 continuo

143 1211 183 1268 et
209 1212 384 1269 ornatam
407 1192 539 1268 Larini
564 1190 776 1269 medicinae
800 1191 1030 1269 exercendae
1047 1220 1163 1270 causa
1181 1213 1241 1270 ta·

67 1321 118 1399 64
142 1315 303 1392 bernam
336 1313 452 1392 dedit.
508 1317 650 1406 Unum,
673 1317 857 1406 alterum,
894 1316 1053 1392 tertium
1077 1344 1238 1394 annum

145 1439 261 1518 Sassia
295 1440 533 1543 quiescebat,
576 1460 623 1517 ut
655 1442 752 1516 velle
784 1460 901 1544 atque
925 1457 1058 1545 optare
1082 1441 1239 1544 aliquid

146 1563 372 1641 calamitatis
396 1563 476 1640 filio
500 1565 639 1670 potius,
660 1593 779 1669 quam
804 1563 845 1638 id
869 1583 1024 1641 struere·
1041 1579 1081 1637 et
1102 1562 1281 1639 molirim

72 1723 132 1791 ¹79
147 1682 353 1764 videretur.
411 1691 513 1765 Tum
548 1688 706 1765 interim
737 1689 962 1777 Hortensio,
995 1688 1045 1785 Q.
1075 1689 1238 1765 Metello

145 1814 393 1904 Consulibus,
419 1832 466 1889 ut
491 1813 597 1887 hunc
622 1813 899 1917 Oppianicum,
926 1811 1036 1888 aliud
1057 1831 1237 1915 agentem

144 1964 188 2011 ac
212 1936 313 2012 nihil
339 1934 525 2011 eiusmodi
551 1936 804 2036 cogitantem,
828 1935 878 2010 ad
902 1934 1004 2011 hanc
1029 1937 1235 2012 accusatio-

142 2084 236 2167 nem
262 2056 500 2150 detraheret,
527 2059 648 2134 invito
674 2057 876 2165 despondit
901 2061 936 2135 ei
962 2060 1085 2137 filiam
1111 2055 1234 2151 suam,

143 2185 269 2276 illam,
305 2211 425 2287 quam
454 2210 500 2259 ex
532 2209 671 2286 genero
695 2203 923 2289 susceperat,
950 2201 996 2259 ut
1021 2210 1133 2276 eum,
1160 2185 1284 2279 nur&

141 2309 234 2414 ptiis
258 2309 459 2411 alligatum
481 2309 597 2384 simul
623 2326 662 2383 et
687 2309 900 2384 testamenti
913 2334 979 2414 spe
997 2306 1233 2403 devinctum,

140 2453 265 2539 posset
287 2432 429 2508 habere
454 2433 497 2507 in
521 2451 715 2539 potestate.
739 2436 823 2510 Hoc
860 2435 940 2540 ipso
960 2435 1040 2508 fere
1058 2452 1240 2540 tempore¹

145 2561 270 2635 Strato
296 2556 362 2633 ille
385 2555 555 2634 medicus
579 2556 686 2633 domi
711 2544 865 2636 furtum
890 2559 983 2637 fecit
1008 2577 1048 2637 et
1073 2559 1232 2639 caedem

140 2677 338 2756 eiusmodi.
389 2679 526 2776 Quum
549 2699 642 2757 essct
666 2680 710 2758 in
735 2680 896 2757 aedibus
918 2683 1152 2774 armarium,
1188 2685 1232 2763 in

141 2831 224 2909 quo
254 2802 367 2882 sciret
395 2829 470 2880 esse
500 2831 753 2881 nummorum
778 2806 1026 2910 aliquantum
1051 2826 1090 2884 et
1122 2809 1284 2886 aurium

142 2947 263 3018 noctu
297 2927 392 3003 duos
417 2953 612 3016 conservos
636 2925 861 3004 dormientis
887 2927 1027 3005 cecidit
1051 2930 1095 3007 in
1118 2932 1231 3037 pisci-

143 3077 312 3155 namque
348 3049 504 3128 deiecit:
539 3052 618 3156 ipse
655 3051 812 3126 armarii
843 3052 1012 3130 fundum
1053 3059 1229 3150 exsecuit,

143 3194 182 3253 et
207 3179 244 3251 H
275 3173 368 3252 Ssti‘i‘
392 3194 431 3252 et
454 3175 541 3250 auri
565 3174 742 3277 quinque
766 3173 897 3280 pondo
930 3170 1111 3271 abstulit,
1147 3207 1228 3257 uno

72 3319 127 3384 180
151 3327 196 3376 ex
226 3297 341 3374 servis
372 3322 496 3402 puero
529 3322 611 3372 non
643 3295 781 3400 grandi
805 3298 966 3375 conscio.
1016 3303 1139 3378 Furto
1164 3331 1229 3410 po⁴

230 3497 278 3538 11.
303 3476 485 3552 Hortensio,
509 3473 634 3538 Metello

211 3655 644 3792 irruatur,
661 3659 689 3780 r
847 3657 1052 3751 ΜΜ
1073 3730 1100 3789 t
1158 3657 1182 3735 ⁴·
1200 3654 1226 3764 ³1

142 3747 193 3870 lgr
201 3799 314 3852 Metello
326 3747 366 3853 ΓΙΥΙ
377 3747 425 3868 pti
429 3786 488 3860 δὲζ
496 3804 585 3864 adca
590 3818 614 3872 μ
645 3747 761 3871 lllctello
781 3749 986 3879 iviliiqidlmm
1005 3752 1137 3860 iii'atiud
1154 3755 1226 3871 till

147 3871 267 3936 videtur)
286 3870 423 3941 οκλμνξ
438 3887 512 3945 seqq.
565 3870 673 3940 aliquid
691 3870 783 3934 Βδεζ
863 3877 903 3941 14.
922 3875 1107 3937 attraheret}
1187 3879 1225 3945 17'.

144 3950 239 4011 posset
256 3943 271 4001 ξ
281 3957 323 4011 ρτ
357 3940 446 4011 possit
466 3947 499 3992 Π
515 3943 579 3996 rell.
597 3940 661 3994 edd.¹
709 3959 752 4000 aa.
770 3945 866 4020 armari
885 3948 924 3999 θ’
942 3945 1034 4018 atet]
1059 3949 1133 4000 exB
1166 3947 1211 3999 HS

146 4013 333 4075 sestertiorum
360 4010 467 4064 Ab-r'
486 4025 552 4085 εμν
604 4020 790 4067 rexternomm
809 4032 834 4066 m
880 4017 1067 4071 sestertiorum
1092 4018 1144 4071 ct
1167 4031 1214 4071 aut

147 4085 217 4137 coni,
229 4085 295 4141 dac.
316 4083 473 4136 Gronovius
