2736 4696
258 182 296 232 Vl

258 364 350 436 taque
370 350 483 413 laetitia
505 372 609 413 curam
629 350 708 412 hanc
729 348 895 412 commodis
911 350 1022 413 nostris
1042 351 1208 434 impensam
1227 368 1250 411 c:

261 505 356 569 quum
366 506 446 546 unus
457 483 548 545 codex
556 485 754 561 Monacensis,
771 486 823 568 qui
837 483 1009 568 Salisburgo
1018 486 1051 546 in
1061 485 1174 569 regiam
1184 483 1249 546 bibl

259 639 328 679 cam
348 615 451 679 illatus
479 628 567 696 erat,
598 639 719 700 prorsus
742 639 811 678 cum
838 621 952 700 optimo
979 614 1158 679 Florentino
1177 638 1250 679 cons

259 758 426 833 appareret.
470 751 581 832 Magna
603 750 693 832 igitur
722 748 804 832 apud
832 771 881 812 me
910 749 1002 811 huius
1028 749 1206 834 inspiciendi
1233 772 1250 813 c

259 892 361 944 exorta
382 890 437 955 est,
462 902 519 941 nec
550 881 659 942 frustra
684 893 840 965 concepta.
883 883 962 945 Nam
982 883 1073 946 iidem
1097 885 1157 946 viri
1177 882 1250 946 clari

258 1034 389 1098 quorum
400 1012 610 1073 liberalitatem
622 1015 683 1072 iarn
703 1016 814 1095 experti
830 1034 959 1088 cramus,
978 1035 997 1074 a
1012 980 1250 1074 NIEBUHRIl

258 1167 327 1208 rum
340 1145 446 1207 litteris
462 1148 576 1228 rogati,
600 1147 708 1220 omnis,
731 1167 807 1229 quos
830 1148 1043 1229 expetivimus,
1066 1156 1132 1206 tum
1142 1144 1250 1227 scriptu

257 1281 418 1362 impressos
449 1274 564 1356 libros,
597 1278 781 1339 concedente
812 1299 952 1361 supremo
980 1277 1121 1361 publicae
1148 1276 1250 1339 institu

257 1411 290 1470 in
324 1430 418 1491 regno
450 1408 596 1469 Bavarico
624 1407 879 1472 administrandae
904 1408 1049 1485 consilio,
1083 1411 1221 1471 Bonnam
1249 1483 1250 1488 ἵ

256 1543 377 1602 mittere
412 1561 475 1601 non
505 1539 693 1605 dubitarunt.
758 1540 910 1601 Continuo
944 1561 1000 1625 ego
1033 1548 1206 1602 accuratam
1249 1519 1250 1583 l

255 1673 513 1755 comparationem
549 1640 681 1744 institui,
717 1693 779 1753 qua
805 1672 928 1756 quidem
951 1673 1033 1734 bona
1061 1692 1149 1755 spes,
1184 1694 1202 1753 q
1249 1639 1250 1695 l

254 1803 474 1886 salisburgensi
495 1804 595 1865 statim
610 1824 826 1885 conceperam,
850 1805 970 1886 egregie
981 1803 1189 1865 confirmatur
1249 1813 1250 1877 i

255 1958 349 2020 quum
370 1958 425 2019 per
446 1947 543 1998 totam
563 1937 731 1998 orationem
761 1939 825 2000 eius
845 1939 974 1999 varietas
1001 1956 1072 1998 cum
1098 1954 1176 2019 prac-

252 2068 424 2130 Florentini
443 2069 599 2151 scripturis
618 2069 812 2144 conveniret,
839 2072 882 2130 ita
901 2079 1005 2130 tamen
1030 2068 1064 2129 in
1093 2064 1158 2131 reb*

254 2199 295 2263 ab
309 2223 346 2264 eo
367 2200 514 2279 discessit,
542 2210 577 2261 ut
600 2210 742 2261 neutrum
764 2221 803 2260 ex
824 2197 920 2261 altero
946 2197 1082 2279 fluxisse,
1104 2200 1155 2263 sed

255 2354 290 2395 ex
313 2334 483 2416 antiquiore
505 2333 589 2394 fonte
611 2331 781 2392 derivatum
801 2351 867 2393 esse
886 2340 1076 2415 compertum
1092 2326 1124 2391 bt

254 2465 373 2549 saepius
393 2476 494 2527 autem
523 2476 710 2527 constantem
729 2466 889 2549 utriusque
913 2462 1029 2528 codicis
1048 2482 1109 2525 reu

252 2597 440 2680 pendebam,
471 2619 508 2658 eo
527 2598 627 2659 minus
655 2597 796 2659 dubitare
815 2597 921 2679 potui,
954 2596 1030 2681 quin
1049 2594 1101 2659 ub'

252 2742 339 2815 gatae
359 2730 447 2814 longe
468 2741 653 2814 praestaret,
677 2742 708 2791 ct
728 2731 761 2790 in
780 2727 959 2790 universum
970 2746 1089 2789 revoca·

253 2858 412 2927 consilium
433 2886 515 2926 nova
534 2865 591 2925 hac
623 2862 754 2924 editione
781 2862 902 2945 sequuti
929 2880 1047 2923 mnus.

252 2996 424 3057 institutum
444 3006 583 3057 nostrum
603 3017 635 3056 se
655 2997 755 3076 ipsum
787 2992 883 3055 doctis
910 2990 1005 3067 viris,
1033 3012 1053 3073 q

251 3127 521 3210 magnifacimus,
548 3126 677 3209 probare
697 3124 787 3187 debet
811 3134 842 3186 et
863 3120 1039 3185 commmda

250 3270 353 3321 tamen
373 3260 494 3322 videtur
517 3280 567 3320 eas
587 3259 737 3332 rationes,
767 3254 880 3340 quibus
898 3254 1027 3317 marium

250 3388 318 3452 loco
337 3410 519 3474 proponere.

320 3517 474 3587 ,Primum
494 3518 587 3601 igitur
607 3515 683 3578 illud
704 3514 792 3578 nobis
810 3532 952 3597 maguam
971 3510 999 3573 b·

248 3651 328 3715 ciam
350 3651 441 3727 facit,
465 3647 547 3731 quod
570 3645 654 3707 haud
679 3666 751 3706 raro
769 3653 923 3727 receptam
950 3642 977 3703 ia

249 3785 446 3868 scripturam,
491 3797 583 3861 quam
615 3778 793 3858 interpretes
821 3772 961 3857 lamprid<

398 3913 434 3946 ¹²·
462 3921 613 3973 servatam
633 3928 696 3971 esse
715 3906 873 3991 videmus,
903 3904 956 3969 rel'
