2736 4696
141 289 211 367 ,66
346 334 349 339 .
550 279 807 347 laromam

219 469 282 545 32,
308 478 359 527 11.
373 479 478 551 postea
498 480 585 526 aucta
601 465 745 550 pecunia]
782 465 880 532 Huius
901 462 962 525 loci
982 464 1227 548 distinctionem,

137 597 232 659 quum
253 575 344 657 vulgo
368 585 439 634 ante
463 595 492 634 v.
515 588 603 648 nicta
623 574 829 650 incideretur,
853 573 894 633 sio
917 573 1054 651 mutavi,
1076 585 1112 635 ut
1132 578 1232 657 parti÷

66 704 68 709 ’
136 686 250 764 cipium
269 695 356 742 aucta
375 703 432 762 pro
454 663 642 741 nominativo
663 680 838 740 habendum
859 700 921 740 esse
941 692 1121 762 appareret,
1145 683 1233 763 quod

135 789 275 857 dictionis
305 787 492 871 aequalitas,
526 798 668 871 sequente
706 786 802 848 altero
832 787 967 849 memhro
1000 788 1111 856 orbata
1142 789 1231 874 filio,

135 897 261 979 flagitat.
304 897 423 958 Eodem
450 896 541 969 modo
566 896 674 957 Cicero
703 895 777 966 dixit
796 916 852 976 pro
873 895 961 957 Rosc.
982 893 1055 955 Am.
1079 916 1109 960 c.
1135 896 1165 960 ὅ.
1186 918 1230 980 9;

135 1006 237 1088 spoliti
259 1007 360 1065 ornati
378 1017 407 1063 et
426 1005 515 1067 aucti.
548 1002 640 1067 Verr.
658 1003 700 1062 V.
722 1025 751 1065 o.
774 1003 825 1082 31,
848 999 907 1091 dot
929 1003 985 1074 liae
1004 1009 1089 1069 mota
1105 1003 1232 1087 praedia

135 1124 256 1177 wius:
281 1121 311 1171 et
332 1109 441 1170 similia
461 1108 566 1175 multa.

137 1242 140 1247 ·
223 1219 272 1282 15.
299 1219 474 1289 Aletrinati]
515 1217 671 1278 Prisciano
702 1215 945 1298 morigerendum
973 1216 1136 1292 duximus,
1170 1217 1228 1279 ubi

135 1338 199 1386 tam
219 1327 329 1387 diserte
352 1325 580 1405 pronuntiavit:
610 1323 758 1383 accedunt
787 1344 910 1405 quoque
944 1323 1005 1383 duo
1035 1325 1144 1404 optimi
1173 1343 1234 1386 no-

137 1437 215 1507 stri,
254 1433 307 1514 qui
342 1432 373 1491 in
408 1433 533 1502 nomine
568 1443 704 1508 errantes
735 1433 981 1503 terminationem
1021 1431 1055 1500 in
1076 1432 1147 1490 -i
1164 1451 1233 1503 sere

135 1549 259 1603 verunt.
328 1558 331 1607 j

218 1648 284 1725 33,
323 1646 370 1711 18.
402 1644 528 1728 Baebio]
570 1646 652 1716 hane
678 1648 811 1709 nominis
831 1646 980 1723 formam«,
1006 1656 1043 1706 ut
1076 1655 1184 1716 notam
1201 1658 1235 1722 et

138 1756 297 1838 probatam
321 1758 364 1832 (v.
388 1757 419 1815 in
441 1755 504 1826 Pis.
528 1777 557 1816 c.
579 1755 628 1817 36.
651 1755 720 1838 88.)
739 1757 906 1837 recepimus
927 1756 1072 1819 suadente
1093 1757 1232 1821 Garato-

136 1865 207 1922 nio:
232 1863 339 1942 optimi
361 1862 449 1921 codd.
471 1865 606 1943 proxime
625 1863 664 1922 ad
685 1862 772 1932 illum
795 1862 951 1941 accedunt,
975 1873 1005 1923 et
1026 1862 1108 1937 infra
1121 1884 1152 1934 e.
1183 1883 1233 1947 19,

138 1971 189 2031 53.
211 1967 314 2050 plures
333 1966 406 2028 libri
426 1968 536 2028 diserte
557 1988 623 2039 eam
645 1967 797 2045 exhibent.

225 2095 271 2156 ¹9·
295 2097 355 2158 qua
375 2073 546 2157 diligentia]
602 2076 688 2136 Hanc
714 2075 865 2157 egregiam
895 2075 1100 2156 scripturam,
1135 2096 1233 2157 quant

139 2182 311 2243 Lambinus
326 2183 358 2243 in
374 2183 435 2242 suis
462 2183 552 2255 Mes,
588 2160 754 2259 invenerat,
782 2182 961 2257 confirmant
989 2181 1080 2242 codd.
1110 2184 1233 2264 optimi.

136 2289 213 2366 Nam
245 2291 276 2363 in
303 2291 392 2358 amici
415 2286 549 2370 periculo
576 2287 766 2350 defendendo
787 2289 944 2369 diligentia
973 2309 1050 2369 opus
1083 2299 1148 2367 est,
1163 2311 1227 2366 non¹

138 2398 297 2478 dignitate.
338 2395 437 2470 Causa
456 2392 607 2476 vulgatae
617 2394 807 2477 corruptelae
822 2399 854 2455 in
869 2394 959 2456 solita
976 2393 1126 2470 librorum
1137 2398 1227 2472 MSS,

138 2507 288 2567 varietate
308 2506 406 2584 posita
427 2513 471 2563 est
482 2523 574 2585 ,aqua
589 2524 651 2572 non
676 2503 715 2562 ad
730 2503 930 2586 spernendam
943 2525 1046 2566 veram
1059 2503 1228 2576 lectionem

138 2612 274 2675 Orellius
302 2611 412 2691 ,adduci¹
440 2612 581 2673 debebat.
646 2613 830 2674 Lambinum
855 2625 974 2690 autem,
998 2616 1091 2677 etiam
1110 2614 1229 2685 ubitaa

136 2725 196 2782 cite
215 2742 234 2781 a
256 2725 385 2802 receptis
399 2721 556 2803 seripturis
577 2722 712 2799 recedit,
747 2721 860 2804 uhique
881 2724 944 2784 fere
973 2742 1009 2782 ex
1030 2723 1120 2785 bonis
1150 2726 1226 2789 Ιτειιι-Ι

136 2851 199 2891 rire
229 2829 385 2907 lontibus,
411 2829 487 2890 illud
516 2850 638 2911 quoque
659 2830 814 2906 ostendit,
840 2830 924 2912 quod
947 2833 1049 2892 statim
1080 2837 1228 2914 sequitur,

138 2960 176 2998 ne
196 2940 300 3013 multa,
325 2935 408 3020 quod
424 2936 476 2998 ¹illi
497 2957 657 3010 commune
679 2949 724 3002 est
754 2960 825 3012 eum
847 2940 1112 3022 praestantissimis
1138 2943 1227 3021 codd,

137 3066 194 3129 pro
217 3044 301 3128 vulg.
324 3067 361 3116 rie
381 3045 492 3110 neultis.

222 3153 279 3229 54,
304 3170 334 3212 a.
365 3174 509 3212 venenum
537 3151 638 3211 diebus
662 3154 769 3235 porrois
802 3136 1008 3238 comparatur]
1060 3156 1121 3218 Hic
1149 3156 1229 3221 locus

137 3262 198 3331 iam
226 3261 345 3343 pridem
371 3260 480 3323 misere
512 3259 668 3337 mutilatus
704 3261 934 3338 circumfertur,
989 3262 1100 3323 omisso
1137 3263 1229 3326 verbo

137 3383 345 3452 conparauit:
377 3372 516 3455 quamvis
543 3367 603 3442 alte
633 3366 816 3431 reclamante
845 3393 956 3448 sensu,
980 3392 1073 3440 nemo
1100 3375 1229 3436 novissi·

137 3495 259 3551 morum
291 3477 443 3537 editorum
484 3487 654 3547 commotus
688 3489 743 3546 est.
796 3480 879 3557 Quid
911 3481 1009 3540 enim?
1067 3479 1229 3558 Quomodo,

140 3582 248 3658 eodem
270 3594 408 3666 tempore
433 3596 463 3646 et
482 3566 655 3660 uenenum,
679 3586 760 3668 quod
781 3587 943 3652 emendum
963 3596 1049 3663 erat,
1071 3599 1103 3648 et
1135 3609 1228 3672 pecus

137 3690 209 3767 nia,
231 3713 292 3773 qua
310 3692 387 3759 illud
408 3703 565 3774 empturus
586 3706 650 3760 erat
671 3695 868 3769 Scamander,
888 3698 921 3757 in
942 3696 1078 3768 eiusdem
1094 3696 1228 3772 hominis,

136 3817 231 3874 manu
260 3799 446 3881 deprehendi
469 3805 582 3884 potuit?
637 3806 705 3866 Hoc
736 3816 800 3873 tam
829 3787 997 3877 absurdum
1028 3816 1087 3884 est,
1105 3817 1141 3868 ut
1167 3817 1226 3867 tam

136 3906 297 3972 manifesto
320 3911 479 3972 mendacio
500 3915 582 3995 apud
606 3925 709 3985 cautos
730 3914 843 3974 iudices
862 3915 957 3972 totius
980 3914 1025 3979 rei
1046 3911 1122 3974 fides
1139 3910 1225 3974 dubi·

135 4017 284 4080 tationem
311 4019 466 4080 incurrere
495 4021 652 4103 potuisset.
698 4021 805 4098 Quare
833 4021 1004 4089 certissime
1041 4041 1077 4081 ex
1103 4020 1225 4104 egregiis.

138 4123 228 4182 codd.
265 4127 485 4205 restituendiuu
515 4139 579 4210 erat
608 4127 685 4204 illud
716 4142 921 4212 comparatur,
941 4125 1025 4210 quod
1048 4128 1081 4203 in
1102 4127 1224 4204 vetustit
