2736 4696
603 265 786 331 cnirtct.
1173 282 1241 377 ¹73
1299 238 1305 248 ’

230 470 263 536 9.
286 451 321 513 ln
349 451 502 514 maledicti
531 450 611 536 loco]
669 455 787 537 Optimi
808 450 878 513 libri
903 452 999 515 nostri
1034 457 1242 518 accusativum

142 556 314 620 exhibent:
338 561 542 621 in-locrnn:
567 581 659 643 quem
677 570 779 621 tamen
799 560 862 642 pati
882 551 1058 644 non'posse
1077 562 1241 624 videbatur

145 678 259 727 natura
301 666 387 727 verbi
431 669 573 746 obiicere,
589 722 594 739 ,
608 667 691 751 quod
714 667 820 729 eodem
840 667 931 727 modo
951 668 1131 729 struendum
1151 671 1240 732 duxi-

143 795 215 835 mus
238 795 308 837 cum
338 775 439 837 verbis
465 797 631 854 numerare,
647 796 775 860 ponere,
796 774 913 855 deferre
934 785 964 835 et
987 775 1135 837 similibus
1155 799 1185 843 v.
1207 797 1235 839 c.

142 882 225 966 Epp.
246 883 336 944 Fam.
360 881 414 960 ll,
444 881 476 944 6.
496 883 527 943 5.
547 885 579 943 in
603 885 747 945 mercedis
762 885 861 967 potins
893 903 983 968 qzcom
1014 883 1149 970 benpier'i
1173 887 1239 948 loco

143 1011 314 1053 numerare.
339 994 372 1052 in
393 991 498 1052 Pison.
522 1011 550 1051 c.
567 989 615 1070 ι4.
640 993 692 1054 51.
714 1005 781 1052 trine
801 1013 887 1052 aeuus
907 1012 938 1052 es
957 1013 1102 1053 -menm
1124 992 1239 1075 disces-

143 1119 210 1160 sum
229 1100 317 1159 cllum
340 1131 379 1148 -
399 1100 552 1161 nmledicti
568 1114 598 1161 et
615 1102 808 1162 contumeliae
827 1102 891 1162 loeo
908 1120 1043 1184 ponere,
1065 1111 1095 1162 et
1111 1103 1174 1162 52:
1205 1116 1243 1163 tn,

145 1221 242 1271 cetera
263 1208 321 1269 itta
352 1207 384 1268 in
412 1209 564 1269 maledieti
582 1209 647 1271 loco
662 1230 767 1293 pones.
787 1209 878 1269 Verr.
893 1206 939 1282 ll,
966 1228 1015 1268 ιι.
1038 1228 1099 1291 29:
1121 1209 1176 1268 boc
1196 1210 1238 1269 il-

145 1315 184 1375 lis
204 1317 237 1377 in
259 1315 393 1400 benficii
410 1319 475 1379 loco
493 1319 696 1398 deferendum.
714 1319 772 1396 Ill,
792 1315 845 1396 48.
872 1313 953 1398 1143
977 1317 1032 1378 boc
1051 1319 1085 1378 in
1104 1317 1241 1400 beneficii

143 1421 207 1484 looo
223 1424 351 1508 petebam
371 1438 414 1485 ert
431 1426 473 1486 ab
489 1427 642 1510 Apronio.

226 1527 281 1610 45.
305 1551 333 1591 1.
356 1533 410 1616 qui
429 1534 487 1593 sibi
502 1534 566 1594 alia
586 1536 703 1597 ratione
723 1528 888 1614 diffideret]
915 1531 1030 1593 Mirum
1052 1533 1085 1597 in
1108 1533 1237 1597 modum

143 1635 176 1698 h.
198 1636 223 1699 l.
246 1659 319 1700 vera
339 1642 507 1720 scriptura,
529 1660 608 1722 quae
630 1641 662 1701 in
687 1642 812 1704 vetustis
834 1639 903 1701 edd.
924 1650 954 1701 et
974 1632 1064 1722 longe
1083 1640 1236 1724 plerisque

144 1744 232 1813 codd.
261 1758 404 1830 apparet,
426 1769 444 1808 a
468 1749 579 1809 criticis
598 1749 764 1823 omnibus,
790 1751 882 1809 etiam
903 1769 921 1808 a
942 1768 1062 1808 summo
1083 1732 1235 1809 Lambino

143 1850 279 1933 neglecta
295 1866 360 1917 mt:
384 1876 456 1915 nam
471 1856 585 1940 ubique
598 1868 669 1918 ante
683 1878 738 1917 nos
750 1854 933 1938 vulgabatur
961 1856 1068 1940 altipeta
1095 1857 1233 1940 ratione:

143 1959 194 2020 scd
227 1960 287 2022 hoc
314 1973 416 2044 aperte
448 1961 522 2023 dicit
550 1973 674 2024 orator:
707 1964 814 2040 Quum
839 1960 997 2022 Cluentius
1017 1961 1101 2021 omni
1119 1962 1235 2022 ratione

143 2086 250 2128 causae
272 2089 344 2130 snae
364 2069 559 2144 confideret,
585 2070 773 2152 Oppianicus
794 2090 857 2130 non
877 2069 981 2153 alrpua
1000 2071 1129 2147 ratione,
1152 2065 1237 2149 quod

141 2178 238 2238 cuivis
260 2179 352 2239 etiem
373 2181 527 2240 innocenti
544 2179 680 2242 accidere
699 2181 819 2262 potuit,
853 2178 907 2240 sed
940 2178 1138 2238 alteratione
1169 2156 1238 2237 scil.¹

141 2305 233 2366 quam
266 2289 488 2372 corrumpendo
517 2289 629 2351 iudicio
657 2285 887 2374 (ade0,culpae
910 2287 967 2349 sibi
988 2286 1126 2346 conscius
1147 2279 1228 2363 erat)

140 2389 196 2450 sibi
224 2389 391 2455 diffidebat.
444 2394 530 2456 Neve
554 2395 631 2457 forte
652 2396 720 2476 quis
741 2394 844 2474 dicat,
865 2395 969 2478 aliisue
989 2392 1023 2452 h.
1045 2391 1068 2451 l.
1087 2401 1123 2451 nt
1143 2409 1232 2470 saepe

140 2497 222 2559 idem
241 2520 307 2561 esse
339 2499 422 2582 quod
449 2502 514 2562 alia
529 2523 607 2586 qrca:
638 2502 789 2562 namhoc
809 2511 938 2561 nonest
965 2497 1050 2583 quod
1081 2498 1228 2560 sententia

138 2605 293 2688 postulat:
321 2629 384 2668 non
412 2607 471 2669 alia
490 2608 606 2692 aliqua,
638 2608 690 2670 sed
719 2608 780 2669 alia
808 2627 992 2690 quacunque
1018 2605 1136 2664 ratione
1169 2604 1230 2664 sibi

138 2711 295 2775 diffidebat
316 2716 513 2799 Oppianicus.
577 2717 644 2776 Hoc
663 2727 728 2776 tam
749 2715 944 2796 perspicuum
967 2723 1033 2784 est,
1066 2721 1104 2769 ut
1123 2731 1227 2784 nemo,

138 2819 191 2902 qui
227 2821 360 2882 monitus
387 2822 478 2883 semel
506 2823 674 2882 accuratius
694 2820 866 2893 attenderit,
879 2819 1020 2881 dubitare
1040 2819 1154 2902 possit:
1177 2840 1229 2879 ac-

137 2926 218 2988 cedit
245 2926 328 3026 qpod
355 2949 423 3009 cap.
445 2950 506 3009 seq.
528 2930 595 2988 init.
620 2927 726 2988 eadem
747 2927 853 2987 iisdem
874 2926 940 2987 fere
962 2925 1063 2987 verbis
1085 2935 1228 3005 repetun-

137 3042 201 3110 tur,
223 3055 303 3116 quae
321 3055 411 3095 nemo
433 3035 574 3097 tentavit:
600 3030 672 3095 enm¹
687 3036 741 3120 qui
758 3054 840 3118 spem
856 3035 958 3095 salotis
981 3035 1014 3097 in
1028 3034 1093 3094 alia
1114 3034 1230 3094 ratione

137 3161 198 3203 non
217 3142 365 3205 babuerit.

221 3246 251 3318 5.
272 3263 335 3311 tam
361 3250 509 3332 immicus]
560 3250 688 3312 Praeter
717 3249 867 3333 egregiam
896 3250 1107 3311 auctoritatem
1134 3247 1228 3310 etiam

137 3360 305 3421 sententiae
325 3361 473 3422 rationem
494 3372 639 3443 sequutus
659 3361 738 3422 hanc
759 3362 942 3442 scripturam
971 3356 1100 3442 praetuli
1120 3356 1228 3438 vulga·
1314 3426 1318 3432 .

139 3475 187 3528 tae
213 3480 276 3528 tam
295 3470 423 3551 titiquns.
482 3465 562 3526 Nam
584 3468 639 3528 etsi
661 3487 781 3527 summa
800 3466 880 3526 foret
900 3445 1066 3548 iniquitas,
1105 3466 1130 3529 si
1158 3464 1229 3544 quis

139 3572 293 3653 Ciceroni,
320 3551 403 3657 quod
427 3576 597 3657 proposuit,
630 3595 693 3635 non
716 3571 914 3648 concederet,
936 3583 1040 3634 tamen
1060 3592 1150 3634 causa
1169 3592 1228 3657 po·

136 3683 215 3758 tius,
240 3703 334 3764 quam
356 3704 404 3743 res
423 3685 490 3765 ipsa
510 3679 661 3743 afferenda
680 3692 757 3743 erat.

219 3788 274 3870 46,
306 3787 336 3853 5.
346 3803 461 3871 negate,
475 3787 613 3876 inquam]
643 3790 796 3851 Eiecimus
807 3786 939 3850 alterum
948 3787 1162 3871 imperativum
1173 3766 1231 3848 ne·

135 3913 211 3981 gale,
235 3899 324 3960 bonis
344 3900 429 3961 libris
450 3899 598 3961 ducibus:
622 3919 684 3980 quo
703 3898 794 3959 nimis
808 3897 1026 3960 idemverbum
1038 3896 1228 3958 cumulatum

137 4030 201 4070 esse
221 4008 396 4070 videbatur.
440 4008 520 4069 Nam
541 4007 609 4085 etsi,
630 4007 714 4099 quod
735 4009 807 4069 satis
831 4017 938 4068 notum
958 4015 1016 4084 est,
1038 4005 1077 4066 ad
1097 4006 1228 4067 fulcien-

138 4115 208 4178 dam
244 4115 378 4179 eiusdem
410 4116 496 4177 verbi
514 4115 725 4199 repetitionem
745 4116 858 4198 apponi
876 4113 951 4177 solet
973 4113 1050 4177 illud
1077 4115 1226 4200 iaqreamz
