2736 4696
204 284 300 380 ,153
652 280 820 344 orario

205 488 290 549 tum
314 469 422 546 esse.“
444 470 530 546 Non
555 485 610 545 est
634 467 697 547 ita.
724 469 796 547 Sed
813 496 937 574 quum
961 467 1023 546 HS
1047 494 1118 544 xxx
1144 468 1291 575 scripta

206 613 328 673 essent
361 620 434 699 pro
467 584 530 670 HS
563 620 647 683 cco,
685 619 811 695 neque
837 593 872 668 ei
897 611 1054 668 cautum
1078 593 1167 669 satis
1189 593 1297 669 vide·

205 734 332 793 retur:
357 715 481 791 voluit
505 742 593 791 eum
619 715 769 819 aliquid
802 733 1001 821 acceptum
1025 716 1168 792 referre
1197 717 1297 792 libe-

206 839 351 915 ralitati
386 864 486 914 suae.
545 837 674 913 Primo
719 836 856 911 debere
889 837 1059 940 negavit:
1093 857 1181 942 post
1210 839 1296 913 sine

205 963 459 1039 controversia
483 962 606 1036 solvit·
642 959 747 1051 „Ceii
772 959 972 1034 cuiusdam
996 960 1174 1037 Samnitis
1198 974 1316 1039 uxo-5

205 1112 287 1160 rem
313 1104 398 1191 post
413 1086 561 1159 bellum
572 1083 620 1158 ab
639 1084 713 1158 boc
730 1108 804 1158 esse
820 1084 1056 1188 repetitam.“
1083 1085 1297 1161 Mulierem

206 1237 331 1313 quum
356 1209 504 1284 emisset
528 1235 550 1282 a
574 1208 795 1298 sectoribus,
821 1234 900 1310 quo
926 1226 1095 1313 tempore
1114 1236 1199 1284 eam
1214 1209 1297 1313 pri·

204 1360 313 1408 mum
338 1332 500 1406 liberam
525 1356 601 1405 esse
626 1329 789 1420 audivit,
823 1331 905 1405 sine
941 1330 1085 1408 iudicio
1111 1331 1297 1411 'reddidit

134 1483 190 1546 ‚53
206 1457 305 1531 Ceio.
336 1454 534 1546 „Ennium
558 1481 631 1530 esse
655 1453 870 1557 quendam,
904 1455 1013 1532 cuius
1036 1457 1140 1533 bona
1160 1474 1294 1534 teneat

205 1578 404 1654 Habitusf‘
454 1581 520 1655 Est
541 1577 607 1653 bic
629 1577 781 1653 Ennius
805 1604 915 1682 egens
951 1580 1111 1680 quidam
1147 1583 1334 1657 calum-ro

204 1701 347 1792 uiator,
395 1701 653 1777 mercenarius
700 1700 927 1806 Oppianici,
968 1702 1038 1806 qui
1080 1706 1294 1810 permultos

205 1851 327 1901 annos
361 1826 528 1929 quievit:
566 1822 704 1899 deinde
729 1823 939 1927 aliquando
964 1854 1054 1901 oum
1077 1828 1192 1904 servis
1215 1832 1295 1905 Ha·

204 1947 279 2023 biti
304 1949 400 2025 furti
427 1950 522 2051 egit:
548 1974 676 2052 nuper
700 1949 749 2022 ab
780 1950 862 2051 ipso
886 1950 1028 2025 Habito
1054 1971 1185 2057 petere
1210 1980 1293 2030 coe-

205 2071 275 2178 pit.
304 2073 380 2147 Hic
405 2073 472 2148 illo
499 2072 648 2177 privato
676 2071 830 2162 iudicio,
858 2072 969 2169 (mihi
995 2072 1169 2169 credite,)
1184 2077 1291 2153 vobis

207 2195 344 2272 iisdem
369 2196 527 2273 fortasse
551 2197 735 2304 patronis,
758 2198 995 2274 calumniam
1019 2227 1100 2275 non
1124 2200 1329 2304 effugiet&

205 2325 334 2424 Atque
376 2322 510 2411 etiam,
548 2339 595 2396 ut
640 2317 751 2395 nobis
784 2321 1051 2413 renuntiatur,
1095 2323 1291 2402 bominem

207 2445 424 2520 multorum
450 2443 655 2549 hospitem,
681 2443 903 2518 Ambivium
926 2446 1143 2548 quendam,
1182 2475 1292 2553 copo·

206 2595 297 2645 nem
322 2568 370 2644 de
393 2568 453 2645 via
478 2568 633 2659 Latina,
657 2569 888 2644 subornatis:
914 2571 983 2673 qui
1008 2571 1081 2647 sibi
1106 2598 1129 2646 a
1155 2574 1292 2649 Cluen-

208 2696 263 2772 tio
296 2695 485 2798 servisque
518 2694 600 2769 eius
633 2691 676 2768 in
710 2694 869 2769 taberna
904 2720 973 2768 sua
998 2721 1137 2770 manus
1160 2698 1292 2774 allatas

207 2844 282 2896 esse
318 2818 432 2895 dicat.
501 2818 609 2917 Quo·
626 2816 673 2891 de
707 2816 866 2893 homine
899 2817 1001 2893 nihil
1034 2818 1151 2894 etiam
1189 2843 1322 2896 nuncu

290 3035 320 3080 2.
343 3011 414 3073 satis
437 3022 560 3072 cautum
669 3009 699 3090 4.
722 3010 825 3073 deberi
942 3012 974 3076 5.
998 3013 1093 3076 Coelii
1207 3036 1236 3098 7.
1256 3013 1292 3076 de

292 3092 460 3157 sectoribus
574 3115 605 3176 9.
628 3094 730 3154 Coelio
850 3113 897 3160 12.
928 3116 1016 3156 servo
1139 3092 1186 3177 14.
1207 3098 1291 3160 nobis
1330 3120 1334 3126 ·

290 3179 397 3241 iisdem
524 3197 571 3261 17.
593 3178 768 3262 hospitum,
788 3176 827 3244 A.
848 3178 991 3239 Binnium
1091 3230 1094 3235 .

278 3366 304 3406 n.
332 3351 410 3426 CCC]
432 3354 544 3424 XbXp
584 3351 623 3418 ei]
644 3350 748 3424 eisqu
789 3349 1058 3405 cautumsatisAB
1098 3353 1166 3407 satis
1186 3362 1292 3408 cautum

209 3422 262 3477 ΒΟ
366 3424 394 3493 4.
413 3419 839 3508 deberedssquoacxipro
910 3420 1092 3484 deberem}
1164 3425 1292 3481 deberiii

207 3494 284 3562 vulg.
384 3491 410 3550 5.
429 3493 479 3546 Cei
498 3494 552 3547 AB
593 3494 641 3550 bn.
664 3509 685 3542 s.
722 3492 775 3543 Gn.
795 3489 1133 3565 Καβγδεζηθικλμς
1187 3497 1293 3551 Celiir

209 3562 297 3615 Caelii
315 3563 423 3616 Manat.
449 3564 488 3616 λν
508 3581 582 3637 seqq.
690 3563 841 3633 praet
897 3561 1068 3634 derulg.
1140 3569 1231 3635 primo
1250 3582 1293 3642 qo

208 3653 233 3704 9.
255 3632 322 3684 Ceio
346 3633 477 3689 Attia
536 3633 602 3685 ueto
621 3651 667 3703 pr
732 3631 780 3685 Cu.
800 3631 894 3685 Caelio
912 3651 957 3704 κμ
1015 3634 1094 3688 Celio
1119 3653 1140 3686 s.
1162 3638 1292 3692 Caelios.

210 3703 440 3776 Coelionulg.
550 3721 588 3756 rr.
612 3703 779 3772 permultos
798 3701 835 3765 δζ
944 3722 983 3759 ια.
1008 3707 1091 3755 servis
1110 3709 1165 3760 AB
1219 3724 1292 3762 servo

209 3776 267 3832 ΒΟ
340 3773 568 3830 13.furtumAB
664 3772 1293 3851 14.vobisAbbedsgbiklmnoprstur

210 3844 292 3898 nobis
310 3845 363 3898 Ro
469 3862 507 3914 ¹7·
528 3842 662 3913 hospitem
680 3845 734 3896 AB
750 3841 807 3896 eod.
828 3847 855 3898 S.
876 3845 944 3898 Vict.
965 3844 1011 3897 Fr.
1034 3865 1053 3898 ι.
1090 3844 1233 3917 hospitum
1246 3850 1294 3904 do

210 3915 365 3968 Ambivium
384 3916 407 3967 B
465 3919 495 3968 Α.
516 3916 621 3966 Bivium
640 3917 856 3984 Anoprstuv
911 3917 942 3968 A.
964 3915 1081 3968 Brivium
1100 3918 1292 3992 tdefgtitt

210 3985 302 4047 mdo(
370 3988 403 4042 A.
423 3983 581 4038 Albinuma
639 3983 893 4036 ,ttttnomwpat
919 4004 939 4039 ι.
999 3986 1177 4040 Δ.Βίηωύηι
1197 3992 1291 4058 ntur

211 4076 284 4130 seqq.
385 4073 433 4108 cau
456 4073 534 4123 onem
560 4054 665 4123 αγεηξ
728 4068 858 4122 caponem
876 4059 892 4121 β
968 4058 1041 4138 ι18.
1059 4072 1169 4128 posto.
1197 4062 1293 4112 Latina

211 4131 243 4182 in
260 4139 298 4180 ut
315 4123 386 4182 daec
403 4146 420 4180 a
439 4125 499 4182 dita
518 4127 674 4198 legentum
695 4131 821 4194 questum
840 4140 898 4178 esse
918 4124 1014 4181 dixisti
1110 4146 1150 4201 ¹9·
1169 4132 1258 4186 illatas
1276 4146 1293 4202 q
