2736 4696
118 253 213 395 '⁸14⁸
547 288 793 352 annonario

227 497 274 537 ro.
296 476 366 538 Non
403 489 446 535 est
473 477 567 536 nostri
602 471 724 556 ingenii]
782 469 993 554 imprudenter
1027 471 1154 532 Beierns
1187 469 1229 528 ad

139 585 203 650 Cic.
226 584 331 666 fragm.
351 583 476 665 poia.
518 581 723 660 Quinctiliano
743 581 844 661 potius
867 577 1095 660 obsequendum
1127 578 1228 657 duxit,

140 694 193 774 qni
212 691 341 750 verbum
355 704 398 759 esc
416 691 519 750 omisit
541 690 608 768 (lX,
630 691 669 763 5,
693 685 755 767 81.)
774 709 866 769 quam
883 685 1036 749 Ciceronis
1056 683 1230 771 codicibus,

139 804 322 881 inquorum
343 774 428 858 nullo
448 797 646 858 desideratur.
711 795 794 865 Dum
814 792 865 854 ille
892 793 1085 874 languescere
1112 794 1236 854 oratio-'

139 929 219 967 mem
259 905 408 965 inculcato
437 927 468 964 v.
498 919 541 964 est
572 904 808 985 pronuntiavit,
853 923 916 962 non
951 900 1029 960 vidit
1056 900 1229 961 necessario

139 1023 304 1092 utrumque
331 1009 502 1070 membrum
532 1030 593 1069 esse
622 1007 850 1085 distinendam,
883 1008 954 1088 quia
980 1006 1020 1067 ad
1039 1009 1145 1088 prius:
1167 1029 1229 1069 non

139 1132 182 1177 est
207 1120 301 1177 nostri
320 1119 432 1201 ingenii
451 1137 485 1176 ex
507 1114 754 1197 praecedentibus
775 1114 959 1174 infinitivuss
982 1128 1095 1176 tantam
1125 1118 1228 1200 opini-

139 1247 227 1286 onem
248 1260 265 1268 -·
283 1226 408 1282 evellere
425 1225 513 1283 unice
531 1224 655 1304 cogitari
671 1231 781 1303 potest,
804 1219 855 1281 ille
873 1232 987 1300 autem,
1004 1223 1227 1304 quisequiturs

138 1332 225 1390 huius
246 1331 432 1390 innocentiae
445 1362 485 1378 -
506 1330 660 1390 srtbuenire
681 1327 800 1388 nonnisi
817 1311 858 1387 ad
883 1326 1013 1389 alterum
1033 1331 1225 1391 membrum:

138 1439 231 1496 vestri
261 1438 378 1496 anxilii
405 1450 448 1496 est
466 1440 609 1518 pertinet.
663 1438 773 1513 Quare
795 1457 834 1496 ne
855 1437 955 1517 potuit
976 1435 1101 1518 quidem
1122 1438 1227 1501 abesse

133 1568 171 1606 v.
192 1559 257 1622 est,
281 1544 363 1628 quod
386 1544 431 1606 illi
451 1543 628 1628 languidum
649 1544 819 1606 videbatur.

226 1651 272 1718 15.
292 1653 402 1712 veritas
422 1651 519 1734 habet]
551 1653 586 1712 ln
607 1675 716 1736 magno
737 1652 874 1714 codicum
905 1674 1052 1714 consensu
1072 1675 1138 1715 non
1160 1676 1225 1715 am·

137 1759 216 1842 plius
259 1759 393 1821 dubitari
431 1770 552 1841 potest,
591 1765 666 1842 quin
700 1766 849 1844 scriptura
874 1760 949 1837 illa,
976 1781 1069 1842 quam
1105 1772 1230 1843 praeter'

137 1866 305 1948 principem
333 1887 436 1926 omnes
469 1869 611 1948 antiquae
647 1867 793 1928 editiones
826 1865 982 1928 exhibent:
1008 1868 1163 1948 fhlsitas,
1190 1888 1224 1928 ex

137 1987 238 2035 vetere
261 1977 448 2035 correctione
468 1986 539 2033 nata
560 1976 610 2034 sit.
652 1973 695 2034 Et
716 1973 860 2057 quicquid
884 1975 1061 2058 obloquitur
1093 1974 1229 2036 Fulvius*

35 2109 40 2114 „
137 2080 280 2170 Ursinus,
302 2081 428 2161 pessime
448 2082 509 2163 egit
529 2082 706 2141 correctoris
726 2102 853 2157 manus,
876 2103 954 2165 quae
976 2103 1082 2142 veram
1104 2096 1225 2145 senteu-

137 2188 196 2248 tiae
217 2187 450 2270 'oppositionem
483 2186 706 2270 pessumdedit:
743 2209 815 2249 nam
854 2191 925 2250 satis
944 2222 946 2226 >
968 2210 1039 2249 mox
1059 2189 1231 2269 indicatur,

139 2317 288 2377 quaenam
310 2297 379 2357 sint
411 2293 463 2355 illa
492 2294 577 2367 loca,
600 2296 712 2376 quibus
735 2299 847 2356 veritos
863 2309 1042 2379 spernaturs
1064 2300 1224 2366 conciones

138 2402 277 2463 seditiose
297 2405 473 2476 concitatae,
489 2401 650 2461 hominum
671 2402 879 2484 imperitorum
900 2415 1012 2464 coetus.
1041 2407 1099 2465 ‘nt
1118 2408 1153 2466 in
1178 2406 1224 2466 iu-

62 2510 68 2534 *
139 2493 323 2590 diciisj'alra
343 2508 462 2568 inuidia
480 2507 667 2589 repudianda
688 2519 744 2569 est.

221 2618 254 2696 6,
287 2619 324 2679 5.
349 2640 387 2678 ne
415 2617 490 2702 quill
527 2619 613 2698 issac}
637 2615 764 2678 Placere
792 2584 898 2701 potnit>
913 2621 1099 2703 optimorum
1131 2618 1222 2685 codd.

139 2726 309 2805 scriptura:
330 2723 464 2806 nequid
483 2724 569 2795 linio,
594 2725 769 2804 praesertim
791 2745 887 2806 quum
906 2726 1011 2808 similis
1032 2726 1118 2788 locus
1137 2750 1222 2789 com·

138 2840 260 2911 paretur
281 2849 306 2887 c.
330 2827 380 2888 51.
404 2829 454 2888 fin.
478 2826 529 2886 ubi
550 2848 586 2886 ex
614 2828 720 2918 iisdem
741 2831 829 2891 MSS.
851 2834 1008 2895 restituere
1040 2855 1105 2897 non
1132 2835 1222 2896 dubi-

136 2940 287 2998 tavimus:
308 2937 337 2994 si
355 2935 445 3020 quom
459 2937 537 2995 iuno
556 2939 771 3016 graviorem-
793 2942 962 3023 opinionem
981 2942 1133 3002 αἰειιΙίειιέ.
1163 2941 1223 3005 Sed

136 3043 198 3106 illic
226 3045 347 3105 dativus
377 3043 417 3103 ab
445 3043 593 3103 adiectivo
615 3045 724 3125 pendet
732 3088 746 3119 ‚
766 3047 797 3107 h.
818 3045 842 3106 l.
864 3069 926 3129 quo
947 3050 1107 3110 commode
1128 3050 1222 3110 refer·

137 3163 241 3227 retur,
279 3150 341 3210 non
374 3149 515 3209 haberet:
547 3161 613 3211 turn
641 3173 763 3232 quoque
794 3155 849 3214 inec
877 3158 1082 3218 necessarium
1101 3157 1231 3220 videtur·

137 3257 196 3315 iam
225 3267 348 3337 propter
368 3253 465 3327 illud,
501 3255 585 3336 quod
611 3256 771 3338 sequitur:
797 3259 859 3318 εἰεί
879 3261 946 3320 tic
969 3283 1012 3323 ex
1032 3265 1104 3348 epula
1117 3265 1222 3326 ,musis

135 3363 337 3428 iudicabimus.

218 3489 249 3548 ς).
274 3470 369 3528 oratio
390 3452 593 3558 iabrsactabit]
614 3469 649 3530 b.
666 3469 688 3531 l.
708 3482 744 3533 ut
763 3476 872 3556 saepe,
895 3479 1049 3561 egregium
1061 3476 1063 3484 ’
1077 3475 1222 3541 Lambini

137 3574 283 3634 iudicium
306 3577 566 3656 praestantissimis
586 3578 726 3641 subsidiis
745 3584 895 3663 sapienter
916 3606 1016 3662 usum,
1038 3586 1122 3668 quod
1143 3587 1223 3647 Gru·

135 3693 218 3743 terus
237 3683 362 3765 indigno
381 3684 514 3766 quodam
534 3684 630 3746 livore
657 3689 869 3771 persequitur,
902 3703 972 3773 post
1002 3693 1222 3776 diligentiorem

135 3793 301 3852 recentium
332 3796 506 3852 criticorum
532 3814 657 3876 operam
690 3796 800 3859 clarius
820 3811 952 3881 apparet.
982 3803 1058 3878 Quis
1080 3823 1164 3863 nunc
1189 3804 1225 3863 in.

134 3909 219 3958 tanto
259 3900 446 3980 optimorum
489 3900 645 3968 librorum·
677 3924 825 3966 consensu
859 3907 1014 3971 iteratum
1032 3907 1121 3972 illud,
1143 3910 1218 3970 ran'o

136 4003 231 4080 ferat,
256 4004 339 4085 quod
361 4005 473 4068 frustra
491 4006 645 4071 Gruterus,
663 4019 693 4069 et
708 4010 856 4075 Graevius
877 4013 1081 4079 mediocrium.
1096 4035 1219 4086 suorum

135 4110 275 4172 codicum
298 4114 475 4174 auctoritate
494 4111 648 4174 fulciunt?
