2736 4696
615 313 795 381 cunici.
1165 333 1233 430 ,47

236 518 284 560 u.
303 501 337 561 r'n
355 502 413 562 lrac
429 499 615 586 dffcultate]
645 505 753 567 Nescio
779 503 862 565 unde
891 500 1091 587 deterioribus
1118 509 1234 570 oodiei-

142 603 206 666 bns
235 606 317 668 istud
342 622 427 671 muta
446 610 634 691 adhaeserit,
664 614 747 695 quod
770 615 801 673 in
823 612 964 672 omnibus
985 613 1168 678 editionibus
1190 616 1234 678 le·

145 715 254 795 giturt
283 716 394 779 melius
418 731 501 780 certe
528 723 695 783 omittitur:
729 743 800 781 nam
824 720 953 780 indicata
986 721 1134 802 quidem,
1171 745 1233 786 nou

143 826 302 908 descripta
323 834 388 885 erat
407 823 588 903 difficultas,
609 847 689 908 quae
710 841 825 912 quinutu
846 829 895 901 sit,
917 837 1021 909 postea
1041 830 1209 899 audiemus.

234 983 284 1064 ¹4.
302 1006 419 1046 omnem
437 983 672 1069 dissolutionem]
699 986 874 1061 Immerito,
895 998 930 1047 ut
952 996 1032 1048 recte
1054 987 1130 1046 vidit
1141 987 1233 1048 Orel-

144 1093 221 1172 lius,
240 1092 395 1175 Peyronio
414 1094 563 1174 scriptura
583 1094 677 1155 Taur.
699 1097 828 1154 omnium
849 1095 998 1176 placebat.
1040 1094 1160 1155 Turbat
1180 1095 1231 1156 illa

143 1221 252 1261 veram
275 1203 475 1275 seutentiam,
498 1203 584 1261 cuius
604 1199 750 1283 elegantia
774 1203 804 1260 in
825 1222 861 1260 eo
883 1202 1036 1278 vertitur,
1072 1213 1107 1262 ut
1129 1204 1233 1263 crimi-

143 1327 222 1365 num
241 1308 340 1367 omnis
361 1304 495 1367 defensio
516 1306 555 1366 ab
578 1316 697 1366 oratore
715 1308 896 1387 exspectari,
921 1306 1053 1368 invidiae
1072 1308 1233 1372 diluendae

137 1417 319 1498 pometiam
330 1437 347 1475 a
360 1415 495 1475 iudicum
514 1415 573 1474 tide
588 1415 703 1496 sperari
712 1435 798 1494 posse
810 1415 938 1474 dicatur.
959 1415 1019 1475 Sed
1032 1417 1128 1477 eidem
1140 1418 1231 1478 huius

141 1525 314 1583 sententiae
337 1520 398 1581 luci
419 1542 480 1580 non
501 1523 600 1579 minus
620 1519 740 1598 vulgata
763 1519 914 1578 distinctio
928 1519 1047 1598 offecit,
1078 1544 1138 1603 qua
1161 1535 1232 1604 post

140 1627 277 1689 verbum
292 1628 426 1711 potierit
445 1624 534 1708 plene
556 1625 844 1712 interpungebatur:
868 1645 940 1683 nam
953 1625 1033 1684 illius
1046 1626 1231 1692 difficultatis
1318 1649 1321 1653 ’

142 1732 312 1795 oonsolatio
328 1755 394 1795 nou
418 1733 512 1813 magis
533 1735 564 1791 in
585 1753 621 1791 eo
641 1731 739 1813 posita
759 1742 822 1806 est,
852 1731 933 1813 quod
952 1735 1113 1793 criminum
1133 1737 1230 1799 disso-

140 1836 222 1898 lutio
243 1848 375 1921 patrum
395 1836 451 1899 soli
475 1837 649 1913 incumbat,
670 1856 763 1919 quam
787 1837 820 1896 in
842 1858 897 1916 eo,
915 1837 996 1920 quod
1027 1839 1158 1905 invidiae
1177 1845 1231 1907 de-

139 1944 241 2007 fensio
265 1944 428 2006 maximam
449 1932 568 2027 partem
592 1943 620 2003 ei
638 1943 820 2003 remittatur.

226 2085 265 2164 5,
291 2083 323 2164 4.
344 2087 408 2144 tine
427 2097 525 2144 oestro
546 2104 585 2143 ao
602 2083 666 2144 siue
689 2084 795 2144 talium
815 2087 951 2145 orionem
980 2085 1120 2170 subsidio]
1173 2089 1231 2150 Est

139 2193 265 2276 gravior
283 2189 435 2273 quaedam
455 2191 489 2249 in
507 2188 556 2249 his
577 2189 680 2250 verbis
707 2187 879 2263 difficultas,
900 2213 992 2272 quam
1013 2213 1092 2273 quae
1111 2193 1231 2255 silentio

142 2299 426 2385 praetermittatur,
467 2316 651 2378 quamquam
686 2297 885 2378 interpretum
915 2299 1067 2360 neminem
1107 2322 1230 2362 vexasse

147 2410 281 2477 ridetur.
323 2408 404 2468 Num
423 2409 505 2467 euim
527 2406 601 2466 tales
624 2407 689 2466 viri
706 2426 726 2466 a
749 2405 899 2467 iudicibus
917 2407 1030 2467 diversi
1051 2419 1133 2486 sunt,
1154 2431 1230 2490 quos

97 2587 100 2593 ¹
142 2516 302 2600 oompellat
326 2525 448 2575 orator:
484 2525 581 2572 oestro
606 2511 760 2572 subsidio?
811 2511 878 2572 Non
911 2523 1000 2591 sunt:
1033 2535 1104 2573 nam
1133 2537 1229 2597 quum

142 2636 204 2686 tuta
223 2647 273 2686 res
302 2645 322 2683 a
346 2621 481 2682 iudicum
503 2619 660 2680 voluntate
683 2617 839 2698 pendeat,
861 2617 930 2694 alii,
950 2621 1016 2679 sive
1036 2630 1142 2696 testes,
1164 2625 1228 2680 sive

144 2731 438 2812 advoemiffluorum
456 2723 568 2786 auxilio
588 2723 702 2784 invidia
722 2721 873 2803 pellatur,
896 2743 935 2782 ue
955 2724 1080 2804 eogitari
1103 2728 1228 2807 quidem

142 2849 290 2920 possunt,
324 2843 504 2919 praeterea,
544 2832 628 2915 quod
654 2852 715 2891 non
736 2831 836 2890 minus
852 2851 945 2912 grave
976 2842 1036 2905 est,
1065 2835 1140 2894 tales
1165 2838 1229 2896 au‘n'

143 2946 257 3008 solenni
276 2943 410 3027 quadam
428 2953 460 3003 et
485 2939 652 3002 honorifica
676 2935 875 3021 appellatione
894 2937 1034 2998 Ciceroni
1060 2941 1091 2999 in
1112 2946 1226 3002 oratio·

143 3057 229 3118 nibus
250 3054 416 3117 iudiciariis
439 3050 554 3111 iudices
573 3049 717 3109 audiunt:
747 3049 789 3106 sic
812 3067 867 3127 pro
892 3047 1015 3122 Quinct.
1035 3068 1061 3110 o.
1090 3047 1136 3108 16.
1164 3047 1222 3112 532

142 3177 172 3224 ut
195 3166 254 3241 lior
272 3163 328 3223 nti
343 3173 419 3219 esset
436 3158 520 3241 apud
537 3158 607 3216 tolie
626 3157 708 3214 viros
728 3153 934 3239 corfitendum.
956 3177 984 3214 c.
1011 3151 1061 3219 26.
1083 3153 1143 3214 81:
1170 3160 1225 3217 lroe

142 3272 295 3332 nomiliam
325 3267 463 3352 Aquinio
494 3277 524 3324 et
547 3262 655 3322 calon
679 3262 756 3320 viris
779 3294 814 3304 -
834 3261 1036 3342 probabitur?
1058 3284 1115 3344 pm
1134 3265 1222 3326 Rure.

142 3377 211 3446 lxm.
243 3400 270 3442 o.
308 3398 358 3460 ¹9·
389 3374 448 3440 54:
473 3372 556 3431 trans
570 3370 673 3428 miseri
684 3369 822 3446 fortioris
842 3381 871 3426 et
893 3370 999 3426 lionam
1020 3371 1152 3429 omnm
1175 3386 1223 3432 ta·

140 3486 211 3546 nam
229 3484 373 3567 dr'gm’tati
385 3480 522 3542 illudere.
563 3477 634 3537 niv.
657 3475 688 3535 in
710 3474 803 3534 Caec.
823 3494 850 3538 o.
870 3473 916 3534 16.
938 3472 996 3534 51:
1013 3496 1073 3535 nou
1086 3499 1147 3536 esse
1167 3481 1223 3539 lios

140 3593 205 3651 tolr'e
218 3592 304 3651 orror
320 3588 537 3648 oemmumms.
576 3582 680 3660 Quare
700 3579 824 3639 moleste
837 3578 870 3644 h.
885 3578 908 3639 Ι.
921 3578 1061 3660 copulam
1074 3605 1112 3642 nr
1122 3587 1221 3646 inu-u.

139 3720 201 3763 κω
224 3699 369 3774 ferimus,
400 3714 480 3776 quae
501 3701 605 3773 aperte
632 3688 694 3748 duo
731 3688 891 3747 homiuum
923 3707 1033 3767 genero
1062 3689 1220 3773 disiungit,

140 3826 268 3890 quonnn
287 3803 455 3866 subsidium
475 3799 678 3883 imploreturr
702 3794 790 3856 nobis
811 3792 934 3875 quidem
957 3816 1052 3876 prope
1082 3819 1219 3860 neaem-

139 3919 221 3979 rium
235 3915 374 3988 videtur,
404 3910 489 3994 quod
508 3931 542 3968 ex
562 3909 734 3967 ooniectun
756 3902 830 3962 dare
849 3922 912 3962 nou
929 3922 1035 3963 eumin
1054 3907 1136 3965 ausi:
1156 3910 1220 3967 sine

140 4040 250 4104 mm,
284 4025 349 4085 sim
378 4021 483 4082 talium
510 4019 646 4078 viromm
670 4011 816 4088 subsultim
835 4013 931 4072 itaut
952 4009 1049 4074 altem
1079 4011 1218 4077 mamona

140 4151 198 4193 uon
214 4152 330 4195 novum
349 4128 438 4212 quid,
457 4125 510 4190 sed
532 4124 612 4184 idem
633 4124 756 4206 gravius
775 4117 958 4203 prule-aton
