2736 4696
171 266 219 325 x‘x

253 446 424 528 saepissime
449 466 564 507 errores
595 445 752 528 propagati
780 451 866 520 sunt,
898 454 928 504 et
960 442 1100 523 caedem,
1124 428 1253 526 quaein

250 576 316 653 his,
345 578 471 638 laconiae
489 579 725 660 conspiciuntur.

188 731 220 818 β.
239 735 302 798 Ed.
326 735 444 795 Veneta
468 731 628 814 a1480.;
661 734 747 794 cuius
769 726 956 796 varietatem·
967 712 1002 794 er
1020 730 1177 793 Garatonii
1199 704 1256 793 no·

252 869 291 928 tis
312 865 498 949 collegimus.

189 1063 218 1123 y.
241 1041 300 1106 Ed.
323 1043 444 1102 Veneta
473 1062 503 1102 a.
538 1038 627 1119 1483.
659 1039 698 1100 ab
731 1037 847 1104 Orellio
873 1039 1099 1122 diligentissime
1128 1035 1255 1115 collate,

251 1172 372 1252 parcius
402 1193 420 1232 a
449 1160 625 1231 Garatonio.
669 1171 786 1234 Veneta
819 1182 949 1254 utraque
980 1172 1146 1231 orationem
1179 1170 1258 1255 intc-¹

250 1324 336 1384 gram
366 1304 521 1365 continent
550 1303 643 1364 talem
672 1304 753 1378 fere,
799 1304 896 1386 qualis
922 1307 953 1364 in
980 1302 1184 1383 mediocribus
1208 1322 1257 1387 seq¹

252 1434 370 1495 eundae
394 1433 495 1496 classis
518 1437 605 1496 MSS.
635 1435 756 1520 legitur.

194 1605 224 1669 δ.
245 1606 307 1669 Ed.
322 1606 557 1669 Mediolanensis
573 1629 600 1670 a.
631 1607 718 1692 1498.
741 1631 795 1692 per
809 1607 1257 1688 Aloandunttinocionum,

251 1740 349 1821 prima
366 1738 535 1802 ¹Ciceronis
575 1762 700 1826 opernm
735 1741 897 1805 collectio:
950 1765 1029 1805 nova
1063 1745 1256 1823 recensione,

240 1868 305 1932 'sed
342 1870 374 1930 in
407 1870 588 1933 Cluentiano
618 1869 731 1933 nullius
755 1872 853 1953 pretii.
893 1871 1039 1955 Exemplo
1071 1875 1118 1935 usi
1153 1894 1258 1935 eumin

250 1997 453 2062 bibliothecae
472 1998 546 2082 aeg.
570 1990 770 2062 Monacensis.

216 2215 225 2235 .
258 2158 419 2235 Orationes
455 2153 609 2269 Ciceronis
645 2185 700 2255 per
736 2171 913 2256 Philippum
953 2174 1135 2238 Beroaldnnr
1169 2197 1255 2240 reco-

240 2271 373 2388 gnitae,
394 2364 396 2372 ,
415 2304 568 2381 Bononiae
591 2309 618 2366 a.
645 2303 754 2388 ¹499*
785 2306 1001 2389 quaeditione
1030 2284 1128 2390 prima
1153 2314 1256 2367 nostra

251 2430 309 2519 (a)
326 2433 396 2495 fero
410 2432 450 2494 ad
474 2432 602 2494 verlmm
628 2454 766 2516 espinosa
784 2445 849 2516 est,
887 2435 941 2497 sed
967 2435 1092 2498 lacunae
1120 2437 1257 2520 expletae

244 2574 334 2649 ,Vsum
375 2563 578 2646 Exemplum,
604 2565 688 2648 qnod
715 2566 810 2628 nobis·
824 2571 860 2631 ἐκ
882 2566 1055 2654 bintnsg.
1079 2573 1256 2638 Monacensi

250 2696 400 2760 utendum
426 2698 558 2781 benigne
584 2701 771 2759 comestum
787 2710 871 2783 eret,
915 2697 988 2761 olim
1013 2700 1111 2773 Potri-
1127 2700 1255 2774 Victorii

244 2828 350 2899 ³fuerat
360 2828 553 2914 eiusdemque
566 2831 625 2892 viri
637 2829 801 2897 venerandi
814 2851 906 2893 manu
917 2830 1075 2915 diligenter
1083 2802 1256 2894 traclatum.

249 2957 330 3018 Nam
352 2978 457 3042 margo
475 2959 539 3034 eins
564 2969 684 3040 praeter
713 2959 818 3021 brevia
845 2959 987 3025 lemmata
1018 2961 1056 3023 ad
1087 2961 1255 3024 notandum

250 3086 370 3150 dicendi
392 3108 482 3149 usum
506 3089 672 3171 spectantia
695 3088 827 3150 duorum
847 3088 985 3152 codicum
1004 3093 1178 3156 varietatem
1200 3095 1255 3157 ad-

251 3220 396 3310 scriptam
417 3220 567 3296 continet,
593 3215 717 3279 alterius
733 3217 869 3281 eiusdem
892 3224 1003 3283 vetusti
1025 3220 1096 3284 libri
1117 3228 1255 3288 Lauren·

192 3371 193 3374 ¹
249 3351 325 3411 tiani
346 3346 584 3430 Langobardicis
612 3346 836 3409 characteribus
861 3322 1039 3435 conscriptiss
1073 3379 1163 3438 quem
1199 3383 1255 3424 nos

249 3479 468 3563 Lagomarsinii
486 3499 578 3561 opera
595 3462 735 3540 accurate
760 3483 914 3562 cognitum
935 3482 1084 3548 habemus
1102 3493 1140 3566 (v.
1163 3512 1255 3575 supra

248 3612 288 3674 ad
305 3610 367 3698 p):
391 3630 572 3694 -prorsus
596 3613 676 3673 enim
700 3612 829 3674 Victorii
853 3589 1013 3698 descriptio
1033 3572 1119 3680 initio
1141 3623 1254 3684 oratio-

245 3745 292 3841 nis
315 3744 450 3827 apposita
469 3744 608 3806 rumille
628 3744 777 3829 quadrat,
802 3767 894 3828 qnam
915 3769 949 3809 ex
974 3750 1122 3812 Bandinio
1142 3758 1252 3836 petivi-

247 3841 337 3956 ὡς,
365 3878 457 3940 modo
481 3889 547 3940 tum
579 3878 618 3940 ad
651 3879 723 3942 Divi
749 3874 845 3941 Marci
870 3879 1083 3945 bibliothecam
1097 3879 1100 3886 ’
1115 3890 1253 3968 pertinu-

248 4009 323 4089 erit,
359 4013 411 4093 qui
444 4028 525 4072 nunc
563 4009 643 4070 inter
674 4007 891 4076 Laurentianus
914 4028 1062 4080 'sonatio
1074 4041 1084 4101 3
1126 4029 1156 4081 'et
1185 4021 1251 4102 ipsa
