2736 4696
144 290 211 388 ¹78
537 278 782 342 sonorarro

139 481 306 546 cognomen
332 469 416 522 erat:
441 461 531 543 *quod
558 483 597 522 ne
627 474 749 544 propter
769 472 856 522 notas
877 460 969 541 ipsius
993 460 1115 524 fraudes
1134 463 1220 526 ludi-

137 569 206 631 brio
218 568 256 630 ad
263 578 382 650 gentem
391 567 536 650 Ligurum
548 569 731 646 traheretur,
741 589 833 651 quam
840 567 964 628 fallaciis
972 567 1116 630 infamem
1126 570 1218 634 fuisso

138 677 259 737 Servius
274 683 400 734 testatur
411 674 448 733 ad
463 673 606 751 Aen.Xl,
616 698 645 737 v.
659 675 730 758 715.
746 696 815 736 cum
827 674 920 737 nobili
929 674 1091 737 Paetorum
1102 699 1221 762 cogno·

138 782 220 841 mine
239 789 484 839 commutaverat.
525 780 705 840 Garatonius
730 801 835 840 verum
854 780 931 842 vidit
952 795 1059 846 contra
1077 785 1220 869 Sylvium

136 906 278 947 monens:
315 885 444 946 Natione
473 888 611 967 Ligurem
634 887 709 946 limae
728 887 843 966 sru‘rse:
873 909 983 949 necesre
1012 913 1075 952 non
1094 907 1152 956 est.
1173 927 1219 943 -·

136 994 255 1074 Liguris
287 1012 451 1073 cognomen
478 991 571 1050 habes
602 992 632 1049 in
663 1000 750 1072 gente
776 991 904 1052 Octavia
924 992 1004 1075 apud
1025 995 1095 1057 Cic.
1119 996 1213 1058 Verr.

137 1098 208 1160 Act.
235 1101 275 1164 ll.
297 1101 322 1159 l.
346 1121 372 1162 c.
394 1096 452 1177 48:
476 1096 523 1154 M.
552 1094 695 1155 Octavius
715 1095 819 1176 Ligur.

219 1237 248 1304 5.
270 1239 333 1299 Hic
351 1240 403 1297 ille
418 1235 539 1321 planus]
592 1237 639 1296 Ne
660 1236 727 1318 quis
757 1235 789 1296 h.
813 1236 835 1296 l.
858 1237 1099 1300 dissentientium
1132 1241 1218 1304 codi-

136 1369 204 1410 cum
232 1367 358 1406 numero
393 1357 573 1422 moveatur,
608 1344 647 1405 A.
672 1343 809 1426 Gellium·
840 1345 944 1406 audire
966 1345 1075 1408 sufficit
1096 1350 1130 1409 in
1150 1348 1218 1413 loco

137 1457 176 1515 ab
197 1453 319 1515 Oliveto
341 1454 472 1534 primum
493 1451 653 1524 adnotato,
676 1449 811 1522 LXVI,
836 1471 874 1533 7:
899 1451 1031 1513 Planum
1048 1475 1112 1538 pro
1133 1476 1217 1535 sym.

131 1563 246 1645 phania
274 1560 394 1619 illarcns
422 1581 534 1644 quoque
570 1560 671 1620 Cicero
701 1561 734 1619 in
762 1561 893 1620 emtione
922 1550 1063 1646 serapeum
1083 1566 1214 1649 reliquit,

45 1738 47 1743 ,
135 1686 224 1751 quam
241 1687 300 1750 pro
324 1665 454 1725 OEuentt'o
475 1665 567 1732 dixit.
1075 1667 1078 1674 '

222 1807 268 1868 15.
298 1829 387 1891 quum
411 1808 533 1891 palam.-
555 1807 598 1867 sic
617 1806 704 1867 codd.
729 1806 882 1888 plerique3
913 1808 997 1889 vulg.
1030 1830 1128 1895 quam
1156 1833 1217 1896 pa.

135 1915 222 1992 lam,
253 1915 316 1974 sine
343 1934 448 1973 sensu:
484 1913 635 1994 quomodo
657 1915 737 1972 enim
758 1913 797 1973 ad
818 1935 900 1974 suam
921 1913 954 1974 h.
977 1936 1005 1974 e.
1027 1917 1121 1978 unius
1151 1917 1217 1979 Sta·

135 2023 196 2081 ieni
225 2021 397 2081 senteutiam
422 2002 589 2101 pro-nomeu
618 2019 722 2080 referri
759 2022 879 2102 potuit,
920 2021 1003 2103 qnod
1040 2022 1080 2083 ad
1117 2045 1217 2089 omnes

135 2131 318 2212 pertineret?

223 2264 285 2344 52,
312 2287 339 2325 r.
355 2264 470 2348 placuit
489 2276 606 2347 repente
623 2267 832 2349 pronuntiari:
853 2265 1023 2352 Direrunt]
1058 2270 1119 2331 Hic
1133 2270 1216 2334 loeus

136 2373 170 2438 in
199 2370 348 2453 plerisque
376 2369 556 2429 editionibus
581 2391 732 2431 vanorum
755 2371 1031 2436 additamentomm
1050 2377 1132 2439 mole
1156 2381 1216 2440 im·

136 2478 271 2562 peditus,
305 2476 417 2558 largam
446 2475 620 2556 disputandi
651 2481 805 2538 materiem
825 2478 990 2559 praebebat
1010 2482 1088 2545 viris
1107 2483 1215 2564 doctis,

135 2585 246 2668 quibus
276 2584 398 2644 lacinias
436 2583 506 2642 istas
540 2583 707 2644 rescindere
745 2584 915 2668 religiosum
946 2587 1120 2653 videbatur.
1169 2593 1216 2655 De

136 2691 247 2774 quibus
269 2701 304 2751 ut
323 2693 387 2751 sine
407 2689 573 2770 cupiditate
593 2688 759 2764 iudicetur,
782 2691 967 2753 monendum
986 2707 1045 2774 est,
1066 2718 1216 2761 nannum

136 2798 258 2880 quidem
290 2797 427 2857 codicum
449 2806 639 2873 nostrorum,
671 2817 769 2877 neque
801 2819 836 2858 ex
857 2800 1080 2864 Orouiensibus
1108 2806 1216 2886 ullum,

137 2922 235 2983 neque
250 2901 384 2961 codicem
404 2899 434 2958 S.
448 2899 592 2975 Victoris,
613 2920 710 2980 neque
723 2903 852 2983 optimos
871 2905 1040 2990 Palatinos,
1049 2933 1106 2974 nec
1117 2914 1219 2975 Fran·

135 3009 176 3069 cii
199 3007 291 3069 libros
323 3007 416 3068 verba
448 3007 502 3067 ista
524 3005 616 3088 vulgo
645 3010 820 3090 interposita
847 3013 956 3075 iudicer
984 3027 1016 3077 et
1041 3041 1111 3082 mor
1132 3043 1166 3082 se
1184 3022 1221 3084 id

134 3119 213 3178 uelle
244 3136 413 3197 agnoscere.
475 3116 577 3191 Quare
614 3116 752 3179 desinant
778 3120 954 3202 interpretes
988 3145 1024 3185 ex
1052 3129 1220 3193 manifestis

135 3222 318 3304 glossematis
346 3219 504 3279 lectionem
533 3219 665 3302 aliquam
701 3224 890 3287 artificiosam
920 3240 951 3290 et
970 3244 1146 3297 contortam
1166 3259 1216 3300 ex·

135 3327 280 3408 sculpere,
303 3327 384 3408 quod
404 3347 498 3406 nuper
519 3332 610 3387 etiam
623 3330 764 3392 ·Orellius
782 3338 922 3397 tentavit.
967 3338 1008 3400 si·
1023 3343 1092 3422 quis
1110 3355 1216 3407 autern

134 3429 234 3491 locum
254 3445 412 3509 nostrum,
443 3433 563 3516 qualem
583 3435 654 3496 libri
675 3451 844 3519 praestant,
867 3454 981 3509 attente
999 3451 1214 3530 perpenderit,

133 3548 200 3598 tum
236 3539 359 3599 Asconii
387 3541 533 3602 schohum
569 3545 607 3604 ad
638 3546 728 3607 finem
748 3551 863 3630 primae
882 3553 1009 3612 actionis
1028 3555 1062 3614 iu
1084 3557 1216 3623 verrem

134 3643 314 3721 contulerit,
345 3645 398 3705 ubi
427 3649 536 3708 diserte
554 3649 699 3711 docetur:
733 3655 772 3713 ab
801 3668 925 3741 utraque
953 3672 1043 3741 parte
1079 3668 1214 3729 omnum

133 3763 319 3833 consumpta,
352 3765 383 3811 ut
407 3755 441 3812 irs
466 3756 618 3814 consilium
654 3757 870 3824 dinumerentur
895 3761 1006 3824 udins
1023 3786 1045 3825 a
1060 3785 1211 3851 praetore,

128 3874 307 3938 praeconem
336 3857 427 3914 solere
456 3845 670 3940 pmmtriu'are:
706 3860 878 3925 Dicerem:
900 3900 940 3917 -
961 3889 1038 3932 num
1071 3874 1210 3941 dubitare

131 3968 250 4041 potest,
279 3959 350 4040 quin
374 3958 448 4018 haec
475 3961 578 4023 iudicii
605 3961 702 4023 sonna
734 3967 766 4027 in
801 3981 903 4031 nostra
932 3996 1022 4038 causa
1051 3978 1209 4048 observata

133 4064 195 4127 ait?
244 4065 305 4128 Sed
324 4065 528 4165 stermonius,
563 4069 616 4152 qui
648 4092 752 4136 ruam
785 4079 935 4144 rationem
962 4087 1135 4174 perspexit,
1170 4091 1205 4154 da
