2736 4696
527 275 613 336 Pro
634 272 681 373 ¹A.
697 270 924 334 ctunurto.
1224 280 1270 374 87

173 463 283 541 nihil
315 460 508 564 denique,
548 486 658 535 eausa
693 459 876 562 cognita,
900 458 1090 545 ,statuisse
1132 457 1272 548 dicent,

181 587 335 686 Quodsi
363 586 416 661 ita
442 586 632 661 fecissentt
660 605 787 660 tamen
814 581 855 656 id
883 611 961 658 non
986 581 1040 657 ita
1060 582 1179 655 fixum
1199 605 1274 654 esse

183 713 365 802 deberet,
390 729 437 787 ut
461 710 625 786 convelli
651 737 731 785 non
747 708 888 783 liceret.
939 707 1026 780 Non
1041 724 1131 779 utar
1150 731 1274 779 exem-

173 838 339 944 plorum
364 834 492 940 copia,
518 859 780 936 quaesumma
798 850 871 906 eset
897 857 978 906 non
1002 855 1083 903 rem
1095 847 1272 918 veterem,

154 985 262 1049 5n0n
294 959 493 1034 hominem
527 975 724 1063 potentem
759 956 929 1058 aliquem
962 972 1030 1029 eut
1061 954 1272 1057 gratiosum

178 1083 388 1189 proferam.
437 1084 571 1188 Nuper
602 1081 802 1157 hominem
823 1101 988 1169 tenuem,
1012 1079 1177 1154 scribam
1200 1082 1274 1152 As.
1320 1184 1323 1188 p

177 1207 365 1297 dilitium,
389 1206 438 1281 D.
464 1204 705 1294 Matrinium,
720 1232 845 1309 quum
878 1202 1128 1278 defendissem
1165 1201 1272 1305 apud

175 1333 232 1408 Μ.
257 1331 438 1420 Iunium,
465 1331 512 1427 Q.
537 1330 759 1405 Publicium
785 1332 998 1416 Praetores,
1025 1346 1064 1404 et
1089 1329 1139 1402 M.
1167 1328 1272 1401 Plae-
1336 1378 1339 1383 -

177 1454 347 1546 terium,
375 1457 412 1532 C.
439 1455 694 1544 Flaminium,
720 1452 876 1530 Aedilis.
897 1452 1061 1528 curulist
1093 1451 1274 1556 persuasi,
1332 1526 1335 1532 ,

134 1597 227 1655 tout
251 1577 417 1654 scribam
441 1577 560 1652 iurati
587 1579 756 1681 legerent
781 1604 893 1669 eum,
923 1603 1040 1679 quem
1067 1575 1184 1650 iidem
1210 1575 1272 1651 isti

174 1706 358 1781 Censores
369 1703 561 1778 aerarium
579 1701 776 1804 reliquisse
792 1702 1108 1806 subscripserunt.
1135 1701 1272 1797 Quum

174 1827 341 1903 enimin
360 1825 519 1901 homine
545 1826 655 1900 nulla
675 1825 789 1929 culpa
807 1825 1066 1899 inveniretur:
1091 1824 1189 1925 quid
1205 1823 1275 1898 ille-

173 1950 394 2040 meruisset,
423 1977 503 2025 non
529 1949 627 2052 quid
653 1948 701 2022 de
725 1975 770 2024 eo
794 1967 982 2024 statutum
1006 1966 1116 2037 esset,
1153 1974 1268 2050 quae·

172 2071 344 2147 rendum
369 2099 446 2149 esse
470 2072 676 2148 duxerunt.
747 2074 845 2148 Num
862 2071 954 2148 haec
979 2072 1151 2175 quidem,
1168 2097 1272 2176 quae
1287 2094 1342 2156 127

136 2193 224 2269 r5de
249 2195 398 2272 iudicio
432 2210 616 2300 corrupto
649 2196 970 2300 subscripserunt,
992 2197 1081 2300 quis
1106 2214 1172 2291 est,
1198 2197 1269 2298 qui

172 2320 224 2394 ab
250 2320 328 2397 illis
359 2321 448 2396 satis
483 2322 636 2424 cognita
681 2340 720 2396 et
763 2322 968 2425 diligenter
1006 2321 1175 2396 iudicate
1208 2347 1274 2392 ar-.

160 2443 373 2520 -bitreturi
398 2452 445 2523 Iu
469 2447 520 2522 M’
549 2444 768 2547 Aquillium
794 2465 832 2520 et
858 2446 900 2520 in
924 2445 982 2516 Ti.
1027 2446 1189 2520 Guttam
1214 2445 1269 2518 vi·

174 2568 246 2645 den
273 2597 349 2646 esse
373 2570 642 2675 subscriptum.
694 2569 803 2668 Quid
836 2589 890 2645 est
923 2570 1024 2644 hoc?
1057 2569 1154 2643 duos
1192 2594 1269 2641 esse

174 2685 380 2799 corruptos
401 2697 498 2770 solos
530 2694 695 2798 pecunia
731 2694 889 2770 dicant:
941 2695 1056 2768 ceteri
1089 2692 1269 2768 videlieet

137 2818 290 2921 ingratis
314 2816 634 2895 condemnarunt
685 2819 772 2893 Non
797 2835 851 2892 est
877 2816 997 2918 igitur
1030 2817 1277 2895 circumven·

258 3107 306 3146 11.
328 3083 530 3167 reliquissent.
573 3088 677 3164 Quum
781 3109 830 3153 η.
850 3088 1033 3170 reperiretur
1122 3089 1170 3159 15.
1192 3092 1266 3152 sub-

254 3168 430 3251 scripserint
532 3189 578 3253 tq.
600 3171 752 3251 pecunia?
775 3172 882 3251 Quid?
899 3174 991 3232 ceteri
1176 3177 1180 3186 '

242 3439 269 3478 2,
288 3418 328 3472 iu
346 3417 450 3471 nnnid
471 3433 510 3472 ese
563 3419 671 3493 3.utur]
692 3423 787 3494 utique
806 3439 851 3485 ας
905 3425 1110 3494 propensae,-
1162 3445 1185 3496 7.
1205 3428 1265 3480 Mn-

175 3491 277 3542 trinum
297 3493 322 3543 Α
340 3491 457 3543 Marium
476 3508 495 3541 α
636 3496 660 3543 8.
680 3501 707 3544 et
726 3493 832 3563 Qusg
857 3495 1011 3565 Puplicium
1029 3499 1055 3550 B
1092 3499 1267 3566 Popliciumf

181 3578 215 3613 ιι.
234 3561 381 3631 reliquisse
399 3560 621 3631 subscripserunt
639 3563 786 3635 thdeg
796 3563 814 3616 lt
824 3564 891 3617 itm
903 3584 922 3618 u
931 3584 947 3618 ο
957 3585 976 3618 v
985 3567 1043 3629 δεζ
1118 3569 1266 3640 reliquisse

177 3635 339 3700 seripserunt
357 3635 382 3685 A
451 3633 630 3703 reliquissent
646 3636 669 3688 Il
685 3637 762 3706 vulg.
873 3655 910 3689 ια.
936 3639 1106 3691 inveniretur
1129 3643 1164 3690 Π
1179 3657 1264 3710 prae-

176 3698 357 3775 seraqwdc
441 3705 652 3775 reperireturll
676 3708 754 3778 vulg.
852 3707 931 3781 quid]
964 3704 1038 3776 quod
1066 3708 1264 3782 bedejgtia

174 3786 305 3841 prqstuv
384 3784 505 3843 quam¹a
522 3775 567 3827 Fr.
592 3794 612 3826 ι.
767 3778 808 3834 13.
825 3793 882 3830 non
900 3779 978 3851 quid]
1000 3797 1065 3831 num
1086 3781 1154 3849 quid
1175 3779 1263 3833 bede

173 3842 324 3915 [ὅρι’-ειη
381 3843 559 3910 rideremus
576 3843 766 3920 ABdfgmq
841 3850 878 3901 15.
898 3851 1110 3917 subscripserint
1128 3849 1213 3904 bede
1225 3850 1263 3917 sle

176 3912 500 3985 νγδεκλμνξορσ·
557 3917 780 3983 subscripserunt
797 3918 822 3969 t.
840 3919 861 3975 l.
899 3922 1193 3994 apqrstuw,Pall.
1216 3909 1263 3979 ir.

175 3996 235 4035 net
252 4002 271 4035 α
306 3983 539 4059 definiuntusque
560 3986 598 4038 ad
616 4004 639 4039 c.
666 3986 707 4056 47.
732 3993 793 4042 132:
813 3991 945 4056 opinione
967 3993 1094 4044 standum
1221 4009 1284 4060 tyn

172 4050 248 4109 MA
271 4058 343 4117 .Π,
364 4055 421 4108 edd.
447 4071 511 4110 ante
530 4060 544 4117 ξ
560 4070 672 4130 prueter
690 4059 706 4108 λ
725 4067 754 4110 et
771 4060 897 4111 intimum
917 4064 1071 4116 GuttsmA
1157 4081 1194 4133 19.
1214 4061 1261 4117 di-

173 4133 234 4178 cent
301 4140 413 4197 praeter
430 4128 442 4180 l
450 4148 463 4198 ,·
482 4128 544 4190 δεζ
615 4127 684 4200 quid
702 4129 713 4181 l
731 4131 855 4196 (sirecte
868 4145 1007 4186 oneratum
1025 4140 1081 4198 est)
1096 4134 1169 4206 vulg.
