2736 4696
456 275 538 338 PRO
560 273 599 334 A.
623 268 852 334 CLUENTIO.
985 304 990 311 ¹
1152 264 1198 356 5*

92 489 160 542 ros
185 460 402 554 doceamus3
427 461 587 537 alteram
611 458 679 548 sic,
706 475 751 534 ut
776 449 935 534 cremiis.
985 463 1032 535 In
1057 461 1176 539 altera

92 585 295 690 diligentia
318 601 438 660 vestra
470 584 580 659 nobis
613 580 856 683 adiungenda
880 600 951 657 est:
982 581 1025 657 in
1057 584 1189 661 altera

92 709 187 788 fides
205 705 456 823 imploranda.
481 709 599 782 Nemo
618 725 673 781 est
686 707 789 780 enim
797 763 814 796 ,x
824 703 895 807 qui
911 705 1078 781 invidiae
1095 708 1176 785 sine
1274 813 1275 819 ἵ

91 851 215 911 vestro
239 860 284 909 ac
307 831 400 908 sine·
413 830 550 905 talium
572 828 744 905 virorum
766 825 933 904 subsidio
953 831 1069 933 possit
1087 831 1176 907 resi-

73 944 203 1048 5stere.
252 953 443 1059 Equidem
466 949 572 1056 quod
595 950 644 1027 ad
662 977 722 1027 me
740 951 894 1043 attinet,
920 978 998 1055 quo
1016 979 1077 1029 me
1094 968 1187 1030 ver-'

93 1099 190 1172 tam,
215 1079 350 1156 nescio.
399 1078 540 1179 Negem
564 1075 677 1151 fuisse
695 1075 802 1150 illam
822 1075 1021 1152 infamiam
1040 1076 1175 1153 iudicii

23 1296 36 1315 .-
92 1203 291 1308 corrupti?
317 1220 450 1303 negem
473 1223 548 1274 esse
570 1196 679 1272 illam
704 1221 785 1271 rem
808 1198 988 1301 agitatam
1013 1200 1053 1275 in
1079 1227 1191 1276 con··

91 1324 290 1406 cionibusi
313 1325 491 1400 iactatam
516 1322 559 1397 in
582 1319 757 1428 iudiciis?
781 1343 1112 1401 commemoratam
1134 1326 1178 1409 iu

91 1451 248 1527 senatut
281 1449 450 1524 Evellam
473 1473 519 1522 ex
543 1445 680 1537 animis
698 1443 901 1522 hominum
926 1464 1072 1523 tantam
1097 1449 1178 1553 opi-

58 1572 272 1655 maionem?
297 1566 375 1648 tam
389 1571 542 1676 penitus
560 1570 736 1646 insitam?
761 1588 839 1645 tam
862 1575 1067 1647 vetustam?
1089 1574 1178 1648 Non

90 1713 145 1772 est
164 1694 286 1770 nostri
306 1693 471 1797 ingenii:
497 1692 609 1768 vestri
630 1693 764 1767 auxilii
784 1713 854 1785 est,
875 1692 1034 1785 iudices,
1060 1692 1177 1772 huius

90 1816 333 1893 innocentiae
356 1816 409 1891 sic
433 1816 476 1893 iu
500 1816 574 1891 hac
598 1815 812 1892 calamitosa
844 1817 967 1908 fama,
996 1817 1105 1920 quasi
1132 1816 1176 1894 in

89 1938 221 2043 aliqua
245 1937 558 2044 perniciosissima
581 1939 735 2013 flamma
769 1958 884 2042 atque
907 1940 952 2015 in
976 1941 1175 2017 communi

91 2059 272 2141 incendio
297 2061 507 2137 subvenire.
558 2063 712 2139 Etenim
728 2063 928 2139 sicutaliis
945 2063 988 2139 in
1006 2065 1097 2141 locis
1110 2094 1174 2170 pa·
1201 2091 1225 2159 2

59 2194 181 2260 15111111
216 2182 447 2260 firmamenti
472 2205 510 2262 et
535 2214 674 2292 parum
706 2185 850 2262 virium
877 2187 1014 2278 veritas
1043 2188 1173 2281 habet,
1203 2197 1221 2261 5

89 2311 153 2386 sic'
168 2310 212 2385 in
236 2307 311 2383 boc
336 2308 419 2382 loco
444 2307 537 2383 falsa
566 2307 710 2384 invidia
736 2308 927 2384 imbecilla
953 2337 1027 2388 esse
1051 2311 1173 2388 debet.

88 2431 325 2510 Dominetur
342 2429 386 2506 in
399 2429 662 2522 concionibus,
678 2431 796 2529 iaceat
811 2433 854 2508 in
869 2416 1039 2514 iudiciis:
1053 2438 1177 2512 valeat

89 2557 133 2633 in
150 2552 400 2660 opinionibus
418 2579 463 2626 ac
478 2554 715 2629 sermonibus
733 2554 1018 2659 imperitorum,
1042 2559 1091 2634 ab
1117 2560 1176 2635 in-

90 2677 221 2783 geniis·
237 2673 501 2782 prudentium
516 2676 757 2781 repudietur:
783 2679 1013 2765 vehementis
1037 2680 1176 2758 habeat

55 2798 310 2907 aorepentinos
329 2798 509 2903 impetus,
537 2799 658 2906 spatio
675 2799 899 2906 interposito
923 2823 961 2878 et
981 2829 1091 2878 causa
1115 2829 1176 2879 co-
1208 2860 1213 2869 ,

91 2923 198 3027 gnita
222 2939 470 2997 consenescat.
520 2922 699 3024 Denique
724 2921 792 2997 illa
816 2922 989 3001 definitio
1013 2924 1174 3000 iudicio-

92 3074 182 3125 rum
213 3069 445 3146 aequorum,
479 3070 578 3146 quae
602 3046 758 3121 nobisa
790 3048 999 3124 maioribus
1032 3046 1173 3126 tradita

91 3188 163 3254 est,
187 3167 416 3275 retineatur,
442 3188 488 3244 ut
513 3170 554 3244 in
572 3169 723 3252 iudiciis
737 3190 777 3247 et
795 3169 876 3246 sine
894 3171 1039 3246 invidia
1057 3172 1172 3275 culpa
1216 3260 1219 3264 ⁴

92 3294 304 3400 plectatur,
329 3311 368 3368 et
385 3292 466 3382 sine
492 3293 605 3401 culpa
630 3293 774 3371 invidia
799 3313 979 3400 ponatur.
1030 3295 1171 3395 Quam·
1197 3331 1217 3393 5

179 3526 211 3590 7.
232 3522 339 3588 negem
357 3501 442 3566 illam
510 3571 513 3578 ,

164 3703 187 3740 t·
232 3683 348 3738 atteram·
375 3691 481 3757 partem
509 3685 548 3736 sic
571 3698 611 3736 as
721 3687 746 3740 3.
789 3686 877 3756 enim]
900 3687 966 3740 civis
996 3687 1036 3759 bq
1147 3690 1172 3757 4.
1270 3669 1275 3680 ’

94 3755 239 3809 aetatium
257 3772 278 3808 n
345 3756 370 3808 6.
400 3755 477 3806 ittam
494 3771 544 3808 om.
565 3756 673 3821 Quinet.
686 3756 737 3814 IX.
757 3773 783 3819 a,
805 3773 843 3826 ¹9·
916 3775 940 3824 7.
972 3771 1030 3809 esse
1056 3775 1107 3810 om.
1132 3756 1174 3811 ab

94 3824 446 3898 ἱιναεηκλμνξιοᾳᾳ.
504 3844 539 3894 »9.
561 3826 677 3878 evellere
698 3828 737 3886 νξ
796 3844 834 3878 11.
850 3826 930 3898 prius
946 3828 1173 3895 estomQuinct.

94 3845 145 3952 lb.
161 3899 189 3960 3,
208 3895 251 3947 81.
324 3892 365 3952 13.
382 3893 535 3964 perniciosa
556 3894 726 3964 aegbmov
815 3895 854 3963 14.
872 3897 902 3947 in
920 3913 970 3948 om.
988 3890 1173 3949 bikl'rstuv

97 3968 137 4022 15.
156 3966 256 4019 veritas
273 3964 354 4018 ABG
370 3962 774 4038 abebikmnopqrstuvw
792 3965 858 4026 αλξ
875 3981 948 4037 seqq.
994 3966 1098 4017 falsitas
1112 3964 1182 4037 def

94 4032 360 4105 ςῑγδεζηικ-μν
464 4036 503 4087 16.
528 4032 731 4087 imbecillisae
846 4053 885 4105 ¹9·
912 4033 1077 4103 prudentum
1094 4048 1174 4095 rstu

95 4103 263 4160 vehementia
280 4104 333 4157 AB
371 4102 542 4156 vehementes
563 4103 624 4159 ΒΟ
657 4102 833 4165 vehemente,-
893 4121 934 4156 ιο.
962 4107 1174 4176 repentinosque

97 4176 238 4242 Meam.)
259 4170 503 4246 aedesgbmno
524 4170 582 4236 δεζ
657 4173 699 4242 ab
716 4173 980 4258 puniaturABnqv
1015 4176 1139 4231 flectatur
1156 4194 1174 4231 a
