2736 4696
73 358 79 370 Β
129 276 178 353 30
469 292 473 306 ·
572 271 751 334 omno

125 455 403 534 iudicaverunt.
439 459 537 533 Cum
555 459 622 534 illo
642 485 755 535 nemo
773 459 850 536 iam
868 460 1073 553 rationem,
1101 485 1217 538 nemo

127 608 210 662 rem
229 583 355 658 ullam
380 582 649 661 contrahebat:
674 610 786 658 nemo
813 584 935 660 illum
951 610 996 659 ex
1017 602 1095 673 tam
1116 585 1220 660 mul-

127 707 176 784 tis
199 707 366 808 cognatis
390 725 429 782 et
460 707 643 783 affinibus
676 727 843 786 tutorem
874 735 1060 810 umquam
1085 707 1220 785 liberis

122 830 392 936 subscripsit:
420 858 532 906 nemo
558 832 671 906 illum
695 830 821 921 aditu,
848 857 960 907 nemo
986 832 1219 933 congressio·
1260 836 1264 847 '

127 981 194 1051 ne,
220 980 332 1030 nemo
357 981 546 1045 sermone,
583 981 695 1030 nemo
721 954 892 1030 convivio
921 953 1081 1057 dignum
1108 955 1242 1032 iudi-s

129 1078 247 1154 cavit‘:
282 1104 415 1155 omnes
430 1068 759 1183 aspernabantur,
785 1104 915 1153 omnes
937 1078 1221 1169 abhorrebant,

130 1226 278 1291 omnes,
312 1221 359 1278 ut
381 1204 553 1306 aliquam
580 1199 786 1277 immanem
811 1228 855 1275 ac
878 1202 1130 1307 perniciosam
1155 1203 1224 1277 be·

66 1327 109 1406 4²
130 1325 244 1432 stiam
257 1342 477 1429 pestemque
497 1323 705 1427 fugiebant
741 1325 858 1399 Hunc
876 1342 1003 1399 tamen
1022 1323 1224 1400 hominem

66 1514 71 1531 ,
131 1467 210 1526 tam
226 1446 429 1534 audacem,
447 1465 523 1521 tam
541 1447 750 1538 nefarium,
769 1468 853 1553 tam?
866 1466 1086 1533 nocentem,
1107 1473 1224 1522 num·

128 1599 247 1676 quam
280 1590 484 1646 accusasset
515 1571 698 1660 Habitus,
732 1569 893 1661 iudices,
928 1570 959 1646 si
986 1570 1028 1645 id
1052 1589 1268 1674 praeter-ro

127 1695 298 1786 mittere,
336 1696 438 1770 salvo
471 1696 597 1800 eapite
627 1722 717 1787 suo,
740 1695 949 1800 potuisset.
999 1697 1093 1769 Erat
1125 1693 1225 1769 huic

87 1855 90 1861 ·
127 1817 308 1895 inimicus
332 1819 588 1924 Oppianicus:
622 1837 720 1895 erat:
754 1817 819 1894 sed
836 1837 973 1893 tamen
997 1835 1080 1892 erat
1103 1817 1223 1893 vitri·-

125 1968 212 2018 cus:
232 1941 398 2017 crudelis
414 1962 453 2018 et
469 1943 562 2016 huic
583 1942 716 2017 infesta
737 1959 875 2016 mater:
898 1958 1068 2015 attamen
1086 1958 1220 2016 mater.
1277 1994 1280 2001 ,

126 2067 321 2140 Postremo
340 2065 440 2140 nihil
460 2083 539 2138 tam
557 2082 748 2139 remotum
762 2064 811 2137 ab
826 2064 1080 2154 accusatione,
1099 2091 1221 2166 quam

126 2185 345 2277 Cluentius,
379 2204 418 2263 ct
444 2209 582 2264 natura
608 2207 647 2264 ct
670 2190 868 2264 voluntate
892 2205 931 2263 et
956 2187 1132 2263 instituta
1158 2188 1259 2264 ra·¹5

127 2309 374 2386 tione·vitae.
425 2309 497 2384 Sed
531 2337 657 2417 quum
690 2327 783 2384 esset
807 2308 901 2382 haec
938 2308 997 2382 illi
1024 2311 1220 2414 proposita

126 2431 317 2522 conditio,
344 2449 390 2507 ut
406 2450 476 2509 aut
495 2432 592 2507 iuste
610 2429 751 2534 pieque
772 2451 980 2520 accusaret,
996 2451 1065 2507 aut
1082 2433 1221 2508 acerbe.

125 2557 362 2662 indigneque
396 2573 612 2631 moreretur
619 2588 630 2648 ;
673 2581 867 2647 accusare,
911 2583 1069 2659 quoquo
1103 2555 1220 2633 modo

126 2699 267 2790 posset,
292 2708 410 2784 quam
436 2680 504 2754 illo
530 2677 644 2753 modo
669 2680 807 2769 emori,
832 2681 982 2757 maluit.

68 2800 107 2895 43
228 2808 371 2908 Atque,
396 2821 443 2878 ut
469 2801 542 2876 hoc
566 2801 620 2874 ita
645 2825 720 2875 esse
741 2802 952 2906 perspicere
970 2801 1133 2907 possitis,
1158 2827 1260 2880 err-ao

130 2956 274 3034 ponam
298 2927 403 3002 vobis
421 2925 628 3029 Oppianici
653 2923 804 2998 facinus
824 2925 1024 3001 manifesto
1048 2951 1220 3031 comper-

130 3069 215 3127 tum
238 3069 354 3152 atque
374 3048 673 3153 deprehensum:
701 3073 746 3122 ex
763 3075 842 3150 quo
861 3048 975 3122 simul
995 3065 1219 3148 utrumque,

128 3191 167 3251 et
191 3173 284 3248 huic
309 3196 500 3260 accusare,
527 3189 565 3245 et
583 3170 642 3245 illi
662 3169 911 3245 condemnari
932 3195 1076 3245 necesse
1093 3169 1217 3261 fuisse,
1285 3238 1288 3245 .

211 3417 329 3562 iiliiam
349 3435 439 3476 nemo
539 3411 569 3477 5.
587 3412 741 3477 iudicabat
822 3436 870 3482 20.
892 3427 927 3479 ut
948 3416 1023 3481 haec
1043 3418 1086 3479 ita
1167 3420 1217 3486 αδ.

246 3521 340 3561 um·

203 3720 322 3758 r.nemo
341 3704 396 3757 iam
416 3703 468 3757 AB
508 3704 563 3755 iam
580 3720 660 3755 nemo
679 3705 734 3757 lto
822 3702 847 3772 4.
868 3705 1008 3762 audituB
1103 3711 1129 3762 5.
1142 3709 1218 3762 iudi·

132 3777 205 3831 cavit
220 3775 274 3827 AB
309 3773 521 3826 iudicabatRO
610 3792 633 3841 7.
655 3777 700 3841 ac]
719 3782 801 3844 atque
822 3789 865 3826 αε
952 3796 977 3847 9.
996 3788 1052 3830 tam
1070 3785 1148 3845 (etrite
1166 3800 1218 3834 arr·

133 3850 241 3912 dacem)
260 3846 342 3898 om.B
360 3849 473 3916 (pum)
491 3842 576 3916 defg
616 3861 654 3896 to.
675 3845 875 3912 permittereB
914 3865 1016 3901 resno
1034 3854 1108 3902 salvo
1128 3856 1217 3920 capite

131 3921 187 3973 AB
261 3933 297 3968 ta.
315 3915 395 3986 prius
414 3923 472 3966 erat
489 3914 652 3985 om.B(pr.
672 3914 1002 3989 m.)dejgoydl,‘pot
1057 3924 1094 3974 13.
1113 3930 1141 3973 at
1161 3942 1218 3976 ma·

131 3989 233 4043 terAB
268 3993 371 4037 ettum
388 3994 506 4036 matera
549 3984 588 4037 15.
600 3984 777 4038 institutione
796 3989 919 4040 vitaebc
958 3991 994 4043 16.
1007 3990 1050 4042 illi
1062 3995 1144 4046 om.B
1161 3997 1217 4067 (pr.

131 4066 312 4131 mjcqoeg
348 4052 675 4127 eiAbefgbiItnooq
758 4076 797 4127 ¹9·
818 4057 879 4132 itta]
900 4060 955 4112 alio
973 4074 1013 4115 ue
1092 4065 1205 4123 ao.hoc

131 4129 200 4181 haec
217 4127 388 4195 αιηκλμνξ
412 4143 485 4200 seqq.
581 4143 625 4180 aa.
644 4125 906 4197 comprehensums
1011 4135 1056 4192 23.
1076 4133 1120 4186 illi
1138 4137 1194 4189 AB

131 4203 233 4267 (corr.)
250 4199 264 4259 ξ
298 4195 438 4251 illumlto
454 4197 622 4268 (praeterv
