<?xml version="1.0" encoding="UTF-8"?>
<!DOCTYPE html PUBLIC "-//W3C//DTD XHTML 1.0 Transitional//EN"
    "http://www.w3.org/TR/xhtml1/DTD/xhtml1-transitional.dtd">
<html xmlns="http://www.w3.org/1999/xhtml" xml:lang="en" lang="en">
 <head>
  <title>
</title>
<meta http-equiv="Content-Type" content="text/html;charset=utf-8" />
  <meta name='ocr-system' content='tesseract 3.04.00' />
  <meta name='ocr-capabilities' content='ocr_page ocr_carea ocr_par ocr_line ocrx_word'/>
</head>
<body>
  <div class='ocr_page' id='page_1' title='image "./mtulliiciceroni00clasgoog_0055.png"; bbox 0 0 2736 4696; ppageno 0'>
   <div class='ocr_carea' id='block_1_1' title="bbox 133 246 759 334">
    <p class='ocr_par' dir='ltr' id='par_1_1' title="bbox 133 246 759 334">
     <span class='ocr_line' id='line_1_1' title="bbox 133 246 759 334; baseline -0.003 -26"><span class='ocrx_word' id='word_1_1' title='bbox 133 263 181 334; x_wconf 83' lang='lat'><strong>26</strong></span> <span class='ocrx_word' id='word_1_2' title='bbox 601 246 759 308; x_wconf 84' lang='lat' dir='ltr'><strong>ORATIO</strong></span> 
     </span>
    </p>
   </div>
   <div class='ocr_carea' id='block_1_2' title="bbox 16 436 1263 2901">
    <p class='ocr_par' dir='ltr' id='par_1_2' title="bbox 131 436 1217 545">
     <span class='ocr_line' id='line_1_2' title="bbox 131 436 1217 545; baseline -0.003 -27"><span class='ocrx_word' id='word_1_3' title='bbox 131 440 288 518; x_wconf 90' lang='lat' dir='ltr'><strong>Larinas</strong></span> <span class='ocrx_word' id='word_1_4' title='bbox 311 436 462 545; x_wconf 86' lang='lat' dir='ltr'><strong>perdita</strong></span> <span class='ocrx_word' id='word_1_5' title='bbox 486 436 660 540; x_wconf 72' lang='lat' dir='ltr'><strong>nequitia</strong></span> <span class='ocrx_word' id='word_1_6' title='bbox 690 454 731 511; x_wconf 91' lang='lat' dir='ltr'><strong>et</strong></span> <span class='ocrx_word' id='word_1_7' title='bbox 753 462 900 511; x_wconf 90' lang='lat' dir='ltr'><strong>summa</strong></span> <span class='ocrx_word' id='word_1_8' title='bbox 924 453 1103 539; x_wconf 86' lang='lat' dir='ltr'><strong>egestate,</strong></span> <span class='ocrx_word' id='word_1_9' title='bbox 1134 456 1217 515; x_wconf 84' lang='lat' dir='ltr'><strong>arte</strong></span> 
     </span>
    </p>

    <p class='ocr_par' dir='ltr' id='par_1_3' title="bbox 130 560 1219 672">
     <span class='ocr_line' id='line_1_3' title="bbox 130 560 1219 672; baseline -0.003 -30"><span class='ocrx_word' id='word_1_10' title='bbox 130 564 299 672; x_wconf 88' lang='lat' dir='ltr'><strong>quadam</strong></span> <span class='ocrx_word' id='word_1_11' title='bbox 331 562 525 669; x_wconf 88' lang='lat' dir='ltr'><strong>praeditus</strong></span> <span class='ocrx_word' id='word_1_12' title='bbox 557 561 606 637; x_wconf 88' lang='lat' dir='ltr'><strong>ad</strong></span> <span class='ocrx_word' id='word_1_13' title='bbox 636 560 816 638; x_wconf 85' lang='lat' dir='ltr'><strong>libidines</strong></span> <span class='ocrx_word' id='word_1_14' title='bbox 847 560 1219 639; x_wconf 86' lang='lat' dir='ltr'><strong>adolescentulorum</strong></span> 
     </span>
    </p>

    <p class='ocr_par' dir='ltr' id='par_1_4' title="bbox 131 683 1222 786">
     <span class='ocr_line' id='line_1_4' title="bbox 131 683 1222 786; baseline -0.001 -21"><span class='ocrx_word' id='word_1_15' title='bbox 131 686 345 764; x_wconf 83' lang='lat' dir='ltr'><strong>excitandas</strong></span> <span class='ocrx_word' id='word_1_16' title='bbox 369 683 694 759; x_wconf 89' lang='lat' dir='ltr'><strong>accommodatus:</strong></span> <span class='ocrx_word' id='word_1_17' title='bbox 721 684 791 786; x_wconf 90' lang='lat' dir='ltr'><strong>qui</strong></span> <span class='ocrx_word' id='word_1_18' title='bbox 825 704 871 759; x_wconf 90' lang='lat' dir='ltr'><strong>ut</strong></span> <span class='ocrx_word' id='word_1_19' title='bbox 894 709 932 760; x_wconf 90' lang='lat' dir='ltr'><strong>se</strong></span> <span class='ocrx_word' id='word_1_20' title='bbox 956 685 1156 763; x_wconf 87' lang='lat' dir='ltr'><strong>blanditiis</strong></span> <span class='ocrx_word' id='word_1_21' title='bbox 1180 705 1222 763; x_wconf 86' lang='lat' dir='ltr'><strong>et</strong></span> 
     </span>
    </p>

    <p class='ocr_par' dir='ltr' id='par_1_5' title="bbox 132 807 1242 1040">
     <span class='ocr_line' id='line_1_5' title="bbox 132 807 1221 915; baseline -0.002 -27"><span class='ocrx_word' id='word_1_22' title='bbox 132 809 445 888; x_wconf 77' lang='lat' dir='ltr'><strong>assentationibus</strong></span> <span class='ocrx_word' id='word_1_23' title='bbox 456 809 498 884; x_wconf 90' lang='lat' dir='ltr'><strong>in</strong></span> <span class='ocrx_word' id='word_1_24' title='bbox 510 809 640 885; x_wconf 85' lang='lat' dir='ltr'><strong>Asuvii</strong></span> <span class='ocrx_word' id='word_1_25' title='bbox 658 807 975 884; x_wconf 86' lang='lat' dir='ltr'><strong>consuetudinem</strong></span> <span class='ocrx_word' id='word_1_26' title='bbox 983 812 1138 915; x_wconf 83' lang='lat' dir='ltr'><strong>penitus</strong></span> <span class='ocrx_word' id='word_1_27' title='bbox 1149 810 1221 886; x_wconf 89' lang='lat' dir='ltr'><strong>im-</strong></span> 
     </span>
     <span class='ocr_line' id='line_1_6' title="bbox 132 935 1242 1040; baseline 0 -28"><span class='ocrx_word' id='word_1_28' title='bbox 132 937 279 1027; x_wconf 84' lang='lat' dir='ltr'><strong>mersit,</strong></span> <span class='ocrx_word' id='word_1_29' title='bbox 320 935 557 1040; x_wconf 83' lang='lat' dir='ltr'><strong>Oppianicus</strong></span> <span class='ocrx_word' id='word_1_30' title='bbox 582 935 768 1038; x_wconf 87' lang='lat' dir='ltr'><strong>continuo</strong></span> <span class='ocrx_word' id='word_1_31' title='bbox 792 938 943 1038; x_wconf 86' lang='lat' dir='ltr'><strong>sperare</strong></span> <span class='ocrx_word' id='word_1_32' title='bbox 966 935 1110 1038; x_wconf 90' lang='lat' dir='ltr'><strong>coepit,</strong></span> <span class='ocrx_word' id='word_1_33' title='bbox 1146 935 1242 1012; x_wconf 73' lang='lat' dir='ltr'><strong>bocS</strong></span> 
     </span>
    </p>

    <p class='ocr_par' dir='ltr' id='par_1_6' title="bbox 131 1059 1220 1162">
     <span class='ocr_line' id='line_1_7' title="bbox 131 1059 1220 1162; baseline -0.002 -24"><span class='ocrx_word' id='word_1_34' title='bbox 131 1088 168 1138; x_wconf 89' lang='lat' dir='ltr'><strong>se</strong></span> <span class='ocrx_word' id='word_1_35' title='bbox 194 1060 353 1150; x_wconf 84' lang='lat' dir='ltr'><strong>Avillio,</strong></span> <span class='ocrx_word' id='word_1_36' title='bbox 384 1077 580 1162; x_wconf 86' lang='lat' dir='ltr'><strong>tamquam</strong></span> <span class='ocrx_word' id='word_1_37' title='bbox 606 1059 736 1162; x_wconf 90' lang='lat' dir='ltr'><strong>aliqua</strong></span> <span class='ocrx_word' id='word_1_38' title='bbox 761 1059 939 1135; x_wconf 88' lang='lat' dir='ltr'><strong>machina</strong></span> <span class='ocrx_word' id='word_1_39' title='bbox 964 1059 1134 1145; x_wconf 89' lang='lat' dir='ltr'><strong>admota,</strong></span> <span class='ocrx_word' id='word_1_40' title='bbox 1159 1087 1220 1136; x_wconf 84' lang='lat' dir='ltr'><strong>ca·</strong></span> 
     </span>
    </p>

    <p class='ocr_par' dir='ltr' id='par_1_7' title="bbox 131 1164 1219 1290">
     <span class='ocr_line' id='line_1_8' title="bbox 131 1164 1219 1290; baseline -0.002 -30"><span class='ocrx_word' id='word_1_41' title='bbox 131 1211 222 1290; x_wconf 87' lang='lat' dir='ltr'><strong>pere</strong></span> <span class='ocrx_word' id='word_1_42' title='bbox 241 1183 369 1259; x_wconf 85' lang='lat' dir='ltr'><strong>Asuvii</strong></span> <span class='ocrx_word' id='word_1_43' title='bbox 395 1181 686 1258; x_wconf 85' lang='lat' dir='ltr'><strong>adolescentiam</strong></span> <span class='ocrx_word' id='word_1_44' title='bbox 710 1203 749 1258; x_wconf 88' lang='lat' dir='ltr'><strong>et</strong></span> <span class='ocrx_word' id='word_1_45' title='bbox 774 1164 945 1263; x_wconf 77' lang='lat' dir='ltr'><strong>fortunas</strong></span> <span class='ocrx_word' id='word_1_46' title='bbox 969 1183 1050 1258; x_wconf 89' lang='lat' dir='ltr'><strong>eius</strong></span> <span class='ocrx_word' id='word_1_47' title='bbox 1075 1184 1219 1287; x_wconf 85' lang='lat' dir='ltr'><strong>patrias</strong></span> 
     </span>
    </p>

    <p class='ocr_par' dir='ltr' id='par_1_8' title="bbox 131 1305 1219 1413">
     <span class='ocr_line' id='line_1_9' title="bbox 131 1305 1219 1413; baseline 0 -31"><span class='ocrx_word' id='word_1_48' title='bbox 131 1333 348 1412; x_wconf 82' lang='lat' dir='ltr'><strong>expugnare</strong></span> <span class='ocrx_word' id='word_1_49' title='bbox 373 1333 485 1413; x_wconf 83' lang='lat' dir='ltr'><strong>posse.</strong></span> <span class='ocrx_word' id='word_1_50' title='bbox 522 1307 644 1401; x_wconf 20' lang='lat' dir='ltr'><strong>uRatio</strong></span> <span class='ocrx_word' id='word_1_51' title='bbox 669 1307 877 1410; x_wconf 77' lang='lat' dir='ltr'><strong>excogitata</strong></span> <span class='ocrx_word' id='word_1_52' title='bbox 896 1305 1027 1379; x_wconf 87' lang='lat' dir='ltr'><strong>Larini</strong></span> <span class='ocrx_word' id='word_1_53' title='bbox 1052 1325 1126 1382; x_wconf 86' lang='lat' dir='ltr'><strong>est:</strong></span> <span class='ocrx_word' id='word_1_54' title='bbox 1160 1333 1219 1382; x_wconf 85' lang='lat' dir='ltr'><strong>res</strong></span> 
     </span>
    </p>

    <p class='ocr_par' dir='ltr' id='par_1_9' title="bbox 131 1428 1257 1663">
     <span class='ocr_line' id='line_1_10' title="bbox 133 1428 1219 1508; baseline 0 -2"><span class='ocrx_word' id='word_1_55' title='bbox 133 1432 314 1506; x_wconf 86' lang='lat' dir='ltr'><strong>translata</strong></span> <span class='ocrx_word' id='word_1_56' title='bbox 327 1435 503 1508; x_wconf 86' lang='lat' dir='ltr'><strong>Romam:</strong></span> <span class='ocrx_word' id='word_1_57' title='bbox 531 1431 625 1505; x_wconf 88' lang='lat' dir='ltr'><strong>iniri</strong></span> <span class='ocrx_word' id='word_1_58' title='bbox 650 1431 754 1506; x_wconf 90' lang='lat' dir='ltr'><strong>enim</strong></span> <span class='ocrx_word' id='word_1_59' title='bbox 779 1430 981 1506; x_wconf 89' lang='lat' dir='ltr'><strong>consilium</strong></span> <span class='ocrx_word' id='word_1_60' title='bbox 1005 1428 1157 1505; x_wconf 84' lang='lat' dir='ltr'><strong>facilius</strong></span> <span class='ocrx_word' id='word_1_61' title='bbox 1175 1430 1219 1506; x_wconf 90' lang='lat' dir='ltr'><strong>in</strong></span> 
     </span>
     <span class='ocr_line' id='line_1_11' title="bbox 131 1552 1257 1663; baseline 0.003 -34"><span class='ocrx_word' id='word_1_62' title='bbox 131 1552 357 1645; x_wconf 88' lang='lat' dir='ltr'><strong>solitudine,</strong></span> <span class='ocrx_word' id='word_1_63' title='bbox 392 1555 573 1660; x_wconf 86' lang='lat' dir='ltr'><strong>perficere</strong></span> <span class='ocrx_word' id='word_1_64' title='bbox 597 1581 678 1630; x_wconf 90' lang='lat' dir='ltr'><strong>rem</strong></span> <span class='ocrx_word' id='word_1_65' title='bbox 702 1554 888 1630; x_wconf 89' lang='lat' dir='ltr'><strong>eiusmodi</strong></span> <span class='ocrx_word' id='word_1_66' title='bbox 913 1553 1150 1657; x_wconf 80' lang='lat' dir='ltr'><strong>commodius</strong></span> <span class='ocrx_word' id='word_1_67' title='bbox 1175 1552 1257 1663; x_wconf 71' lang='lat' dir='ltr'><strong>iuro</strong></span> 
     </span>
    </p>

    <p class='ocr_par' dir='ltr' id='par_1_10' title="bbox 131 1677 1219 1783">
     <span class='ocr_line' id='line_1_12' title="bbox 131 1677 1219 1783; baseline 0 -31"><span class='ocrx_word' id='word_1_68' title='bbox 131 1679 244 1753; x_wconf 91' lang='lat' dir='ltr'><strong>turba</strong></span> <span class='ocrx_word' id='word_1_69' title='bbox 280 1706 385 1783; x_wconf 88' lang='lat' dir='ltr'><strong>posse</strong></span> <span class='ocrx_word' id='word_1_70' title='bbox 411 1679 589 1755; x_wconf 84' lang='lat' dir='ltr'><strong>arbitrati</strong></span> <span class='ocrx_word' id='word_1_71' title='bbox 620 1697 720 1753; x_wconf 90' lang='lat' dir='ltr'><strong>sunt.</strong></span> <span class='ocrx_word' id='word_1_72' title='bbox 770 1679 931 1753; x_wconf 85' lang='lat' dir='ltr'><strong>Asuvius</strong></span> <span class='ocrx_word' id='word_1_73' title='bbox 963 1705 1053 1752; x_wconf 90' lang='lat' dir='ltr'><strong>cum</strong></span> <span class='ocrx_word' id='word_1_74' title='bbox 1077 1677 1219 1752; x_wconf 85' lang='lat' dir='ltr'><strong>Avillio</strong></span> 
     </span>
    </p>

    <p class='ocr_par' dir='ltr' id='par_1_11' title="bbox 16 1801 1227 2028">
     <span class='ocr_line' id='line_1_13' title="bbox 16 1801 1220 1908; baseline -0.002 -31"><span class='ocrx_word' id='word_1_75' title='bbox 16 1826 24 1844; x_wconf 79' lang='lat'><strong><em>‘</em></strong></span> <span class='ocrx_word' id='word_1_76' title='bbox 130 1806 288 1878; x_wconf 87' lang='lat' dir='ltr'><strong>Romam</strong></span> <span class='ocrx_word' id='word_1_77' title='bbox 323 1823 377 1879; x_wconf 91' lang='lat' dir='ltr'><strong>est</strong></span> <span class='ocrx_word' id='word_1_78' title='bbox 410 1804 610 1908; x_wconf 87' lang='lat' dir='ltr'><strong>profectus.</strong></span> <span class='ocrx_word' id='word_1_79' title='bbox 669 1806 746 1878; x_wconf 92' lang='lat' dir='ltr'><strong>Hos</strong></span> <span class='ocrx_word' id='word_1_80' title='bbox 779 1803 942 1905; x_wconf 81' lang='lat' dir='ltr'><strong>vestigiis</strong></span> <span class='ocrx_word' id='word_1_81' title='bbox 978 1801 1220 1906; x_wconf 82' lang='lat' dir='ltr'><strong>Oppianicus</strong></span> 
     </span>
     <span class='ocr_line' id='line_1_14' title="bbox 129 1916 1227 2028; baseline 0.001 -29"><span class='ocrx_word' id='word_1_82' title='bbox 129 1944 279 2000; x_wconf 86' lang='lat' dir='ltr'><strong>secutus</strong></span> <span class='ocrx_word' id='word_1_83' title='bbox 302 1946 366 2002; x_wconf 86' lang='lat' dir='ltr'><strong>est.</strong></span> <span class='ocrx_word' id='word_1_84' title='bbox 416 1933 497 2001; x_wconf 93' lang='lat' dir='ltr'><strong>Iam</strong></span> <span class='ocrx_word' id='word_1_85' title='bbox 521 1946 567 2001; x_wconf 87' lang='lat' dir='ltr'><strong>ut</strong></span> <span class='ocrx_word' id='word_1_86' title='bbox 592 1930 731 2002; x_wconf 88' lang='lat' dir='ltr'><strong>Romae</strong></span> <span class='ocrx_word' id='word_1_87' title='bbox 754 1927 938 2015; x_wconf 85' lang='lat' dir='ltr'><strong>vixerint,</strong></span> <span class='ocrx_word' id='word_1_88' title='bbox 962 1926 1106 2028; x_wconf 88' lang='lat' dir='ltr'><strong>quibus</strong></span> <span class='ocrx_word' id='word_1_89' title='bbox 1129 1916 1227 2000; x_wconf 62' lang='lat' dir='ltr'><strong>con·v</strong></span> 
     </span>
    </p>

    <p class='ocr_par' dir='ltr' id='par_1_12' title="bbox 30 2040 1260 2277">
     <span class='ocr_line' id='line_1_15' title="bbox 30 2040 1219 2152; baseline 0.003 -32"><span class='ocrx_word' id='word_1_90' title='bbox 30 2040 35 2050; x_wconf 51' lang='lat'>⁸</span> <span class='ocrx_word' id='word_1_91' title='bbox 129 2047 259 2136; x_wconf 78' lang='lat' dir='ltr'><strong>viriis,</strong></span> <span class='ocrx_word' id='word_1_92' title='bbox 293 2048 436 2151; x_wconf 87' lang='lat' dir='ltr'><strong>quibus</strong></span> <span class='ocrx_word' id='word_1_93' title='bbox 468 2046 637 2148; x_wconf 84' lang='lat' dir='ltr'><strong>flagitiis,</strong></span> <span class='ocrx_word' id='word_1_94' title='bbox 668 2050 823 2150; x_wconf 89' lang='lat' dir='ltr'><strong>quantis</strong></span> <span class='ocrx_word' id='word_1_95' title='bbox 848 2067 886 2125; x_wconf 89' lang='lat' dir='ltr'><strong>et</strong></span> <span class='ocrx_word' id='word_1_96' title='bbox 910 2075 1029 2150; x_wconf 90' lang='lat' dir='ltr'><strong>quam</strong></span> <span class='ocrx_word' id='word_1_97' title='bbox 1053 2046 1219 2152; x_wconf 82' lang='lat' dir='ltr'><strong>profusis</strong></span> 
     </span>
     <span class='ocr_line' id='line_1_16' title="bbox 130 2171 1260 2277; baseline -0.001 -32"><span class='ocrx_word' id='word_1_98' title='bbox 130 2173 365 2277; x_wconf 90' lang='lat' dir='ltr'><strong>sumptibus,</strong></span> <span class='ocrx_word' id='word_1_99' title='bbox 393 2193 472 2248; x_wconf 90' lang='lat' dir='ltr'><strong>non</strong></span> <span class='ocrx_word' id='word_1_100' title='bbox 498 2171 610 2247; x_wconf 90' lang='lat' dir='ltr'><strong>modo</strong></span> <span class='ocrx_word' id='word_1_101' title='bbox 636 2174 802 2259; x_wconf 88' lang='lat' dir='ltr'><strong>conscio,</strong></span> <span class='ocrx_word' id='word_1_102' title='bbox 831 2171 896 2248; x_wconf 86' lang='lat' dir='ltr'><strong>sed</strong></span> <span class='ocrx_word' id='word_1_103' title='bbox 920 2172 1036 2247; x_wconf 86' lang='lat' dir='ltr'><strong>etiam</strong></span> <span class='ocrx_word' id='word_1_104' title='bbox 1060 2172 1260 2247; x_wconf 63' lang='lat' dir='ltr'><strong>convivam</strong></span> 
     </span>
    </p>

    <p class='ocr_par' dir='ltr' id='par_1_13' title="bbox 119 2293 1218 2401">
     <span class='ocr_line' id='line_1_17' title="bbox 119 2293 1218 2401; baseline 0.001 -33"><span class='ocrx_word' id='word_1_105' title='bbox 119 2313 166 2370; x_wconf 80' lang='lat' dir='ltr'><strong>et</strong></span> <span class='ocrx_word' id='word_1_106' title='bbox 198 2295 373 2371; x_wconf 90' lang='lat' dir='ltr'><strong>adiutore</strong></span> <span class='ocrx_word' id='word_1_107' title='bbox 402 2295 636 2401; x_wconf 88' lang='lat' dir='ltr'><strong>Oppianico,</strong></span> <span class='ocrx_word' id='word_1_108' title='bbox 681 2298 841 2399; x_wconf 80' lang='lat' dir='ltr'><strong>longum</strong></span> <span class='ocrx_word' id='word_1_109' title='bbox 875 2314 931 2371; x_wconf 86' lang='lat' dir='ltr'><strong>est</strong></span> <span class='ocrx_word' id='word_1_110' title='bbox 960 2293 1086 2368; x_wconf 85' lang='lat' dir='ltr'><strong>dicere</strong></span> <span class='ocrx_word' id='word_1_111' title='bbox 1118 2294 1218 2369; x_wconf 88' lang='lat' dir='ltr'><strong>mihi</strong></span> 
     </span>
    </p>

    <p class='ocr_par' dir='ltr' id='par_1_14' title="bbox 125 2416 1220 2527">
     <span class='ocr_line' id='line_1_18' title="bbox 125 2416 1220 2527; baseline 0.003 -35"><span class='ocrx_word' id='word_1_112' title='bbox 125 2421 351 2522; x_wconf 86' lang='lat' dir='ltr'><strong>praesertim</strong></span> <span class='ocrx_word' id='word_1_113' title='bbox 373 2420 422 2495; x_wconf 89' lang='lat' dir='ltr'><strong>ad</strong></span> <span class='ocrx_word' id='word_1_114' title='bbox 446 2419 522 2495; x_wconf 88' lang='lat' dir='ltr'><strong>alia</strong></span> <span class='ocrx_word' id='word_1_115' title='bbox 549 2423 784 2527; x_wconf 82' lang='lat' dir='ltr'><strong>properanti.</strong></span> <span class='ocrx_word' id='word_1_116' title='bbox 834 2420 991 2495; x_wconf 81' lang='lat' dir='ltr'><strong>Exitum</strong></span> <span class='ocrx_word' id='word_1_117' title='bbox 1022 2416 1141 2493; x_wconf 87' lang='lat' dir='ltr'><strong>huius</strong></span> <span class='ocrx_word' id='word_1_118' title='bbox 1163 2445 1220 2495; x_wconf 87' lang='lat' dir='ltr'><strong>as·</strong></span> 
     </span>
    </p>

    <p class='ocr_par' dir='ltr' id='par_1_15' title="bbox 67 2542 1221 2650">
     <span class='ocr_line' id='line_1_19' title="bbox 67 2542 1221 2650; baseline 0.002 -34"><span class='ocrx_word' id='word_1_119' title='bbox 67 2557 104 2638; x_wconf 79' lang='lat'><strong>37</strong></span> <span class='ocrx_word' id='word_1_120' title='bbox 128 2543 328 2620; x_wconf 86' lang='lat' dir='ltr'><strong>simulatae</strong></span> <span class='ocrx_word' id='word_1_121' title='bbox 365 2542 636 2622; x_wconf 84' lang='lat' dir='ltr'><strong>familiaritatis</strong></span> <span class='ocrx_word' id='word_1_122' title='bbox 672 2545 893 2650; x_wconf 80' lang='lat' dir='ltr'><strong>cognoscite·</strong></span> <span class='ocrx_word' id='word_1_123' title='bbox 955 2543 1089 2638; x_wconf 91' lang='lat' dir='ltr'><strong>Quum</strong></span> <span class='ocrx_word' id='word_1_124' title='bbox 1126 2560 1221 2618; x_wconf 86' lang='lat' dir='ltr'><strong>asset</strong></span> 
     </span>
    </p>

    <p class='ocr_par' dir='ltr' id='par_1_16' title="bbox 43 2666 1263 2901">
     <span class='ocr_line' id='line_1_20' title="bbox 43 2666 1218 2776; baseline 0.001 -34"><span class='ocrx_word' id='word_1_125' title='bbox 43 2727 44 2730; x_wconf 63' lang='lat'><strong>,</strong></span> <span class='ocrx_word' id='word_1_126' title='bbox 129 2666 343 2746; x_wconf 87' lang='lat' dir='ltr'><strong>adolescens</strong></span> <span class='ocrx_word' id='word_1_127' title='bbox 368 2669 473 2776; x_wconf 90' lang='lat' dir='ltr'><strong>apud</strong></span> <span class='ocrx_word' id='word_1_128' title='bbox 498 2671 766 2746; x_wconf 88' lang='lat' dir='ltr'><strong>mulierculam</strong></span> <span class='ocrx_word' id='word_1_129' title='bbox 795 2666 992 2771; x_wconf 83' lang='lat' dir='ltr'><strong>quandam</strong></span> <span class='ocrx_word' id='word_1_130' title='bbox 1017 2666 1218 2770; x_wconf 68' lang='lat' dir='ltr'><strong>atqua-ibi</strong></span> 
     </span>
     <span class='ocr_line' id='line_1_21' title="bbox 126 2794 1263 2901; baseline 0.005 -34"><span class='ocrx_word' id='word_1_131' title='bbox 126 2813 383 2897; x_wconf 89' lang='lat' dir='ltr'><strong>pernoctaret,</strong></span> <span class='ocrx_word' id='word_1_132' title='bbox 430 2795 486 2869; x_wconf 91' lang='lat' dir='ltr'><strong>ibi</strong></span> <span class='ocrx_word' id='word_1_133' title='bbox 522 2794 624 2870; x_wconf 92' lang='lat' dir='ltr'><strong>diem</strong></span> <span class='ocrx_word' id='word_1_134' title='bbox 662 2813 857 2901; x_wconf 89' lang='lat' dir='ltr'><strong>posterum</strong></span> <span class='ocrx_word' id='word_1_135' title='bbox 893 2810 1196 2868; x_wconf 88' lang='lat' dir='ltr'><strong>commoraretur</strong></span> <span class='ocrx_word' id='word_1_136' title='bbox 1204 2831 1263 2884; x_wconf 79' lang='lat' dir='ltr'><strong>‚ao</strong></span> 
     </span>
    </p>
   </div>
   <div class='ocr_carea' id='block_1_3' title="bbox 206 2948 1219 3120">
    <p class='ocr_par' dir='ltr' id='par_1_17' title="bbox 206 2948 1219 3120">
     <span class='ocr_line' id='line_1_22' title="bbox 207 2948 1219 3037; baseline 0.002 -21"><span class='ocrx_word' id='word_1_137' title='bbox 207 2977 238 3037; x_wconf 87' lang='lat'><strong>9.</strong></span> <span class='ocrx_word' id='word_1_138' title='bbox 259 2959 340 3016; x_wconf 91' lang='lat' dir='ltr'><strong>enim</strong></span> <span class='ocrx_word' id='word_1_139' title='bbox 356 2957 389 3017; x_wconf 92' lang='lat' dir='ltr'><strong>id</strong></span> <span class='ocrx_word' id='word_1_140' title='bbox 410 2948 571 3018; x_wconf 91' lang='lat' dir='ltr'><strong>consilium</strong></span> <span class='ocrx_word' id='word_1_141' title='bbox 658 2957 706 3016; x_wconf 81' lang='lat'><strong>13.</strong></span> <span class='ocrx_word' id='word_1_142' title='bbox 730 2963 908 3014; x_wconf 86' lang='lat' dir='ltr'><strong>consecutus</strong></span> <span class='ocrx_word' id='word_1_143' title='bbox 928 2964 973 3014; x_wconf 89' lang='lat' dir='ltr'><strong>est</strong></span> <span class='ocrx_word' id='word_1_144' title='bbox 1068 2954 1116 3016; x_wconf 87' lang='grc'><strong>16.</strong></span> <span class='ocrx_word' id='word_1_145' title='bbox 1141 2955 1219 3018; x_wconf 88' lang='lat' dir='ltr'><strong>nihi</strong></span> 
     </span>
     <span class='ocr_line' id='line_1_23' title="bbox 206 3038 1173 3120; baseline -0.002 -22"><span class='ocrx_word' id='word_1_146' title='bbox 206 3039 307 3100; x_wconf 79' lang='lat' dir='ltr'><strong>dicere</strong></span> <span class='ocrx_word' id='word_1_147' title='bbox 381 3061 432 3101; x_wconf 81' lang='lat' dir='ltr'><strong>ao.</strong></span> <span class='ocrx_word' id='word_1_148' title='bbox 454 3051 484 3100; x_wconf 86' lang='lat' dir='ltr'><strong>et</strong></span> <span class='ocrx_word' id='word_1_149' title='bbox 501 3041 542 3099; x_wconf 93' lang='lat' dir='ltr'><strong>ibi</strong></span> <span class='ocrx_word' id='word_1_150' title='bbox 564 3038 695 3120; x_wconf 88' lang='lat' dir='ltr'><strong>(ibidem)</strong></span> <span class='ocrx_word' id='word_1_151' title='bbox 719 3038 800 3098; x_wconf 90' lang='lat' dir='ltr'><strong>diem</strong></span> <span class='ocrx_word' id='word_1_152' title='bbox 1167 3065 1173 3075; x_wconf 93' lang='lat'><strong>·</strong></span> 
     </span>
    </p>
   </div>
   <div class='ocr_carea' id='block_1_4' title="bbox 42 3151 1221 4277">
    <p class='ocr_par' dir='ltr' id='par_1_18' title="bbox 42 3151 1221 4277">
     <span class='ocr_line' id='line_1_24' title="bbox 123 3151 1219 3217; baseline 0.004 -15"><span class='ocrx_word' id='word_1_153' title='bbox 123 3151 253 3205; x_wconf 76' lang='lat' dir='ltr'><strong>Avitiust</strong></span> <span class='ocrx_word' id='word_1_154' title='bbox 286 3154 439 3208; x_wconf 79' lang='lat' dir='ltr'><strong>Auriliusl</strong></span> <span class='ocrx_word' id='word_1_155' title='bbox 479 3155 593 3207; x_wconf 77' lang='lat' dir='ltr'><strong>Avulius</strong></span> <span class='ocrx_word' id='word_1_156' title='bbox 611 3173 638 3206; x_wconf 81' lang='lat' dir='ltr'><em>w</em></span> <span class='ocrx_word' id='word_1_157' title='bbox 678 3152 839 3217; x_wconf 71' lang='lat' dir='ltr'><strong>Avulliuaq</strong></span> <span class='ocrx_word' id='word_1_158' title='bbox 878 3152 991 3205; x_wconf 78' lang='lat' dir='ltr'><strong>Arulius</strong></span> <span class='ocrx_word' id='word_1_159' title='bbox 1010 3168 1028 3202; x_wconf 84' lang='grc' dir='ltr'><strong><em>α</em></strong></span> <span class='ocrx_word' id='word_1_160' title='bbox 1069 3151 1175 3204; x_wconf 73' lang='lat' dir='ltr'><strong>avilius</strong></span> <span class='ocrx_word' id='word_1_161' title='bbox 1191 3153 1219 3206; x_wconf 78' lang='lat' dir='ltr'><em>R</em></span> 
     </span>
     <span class='ocr_line' id='line_1_25' title="bbox 123 3222 1212 3292; baseline -0.002 -19"><span class='ocrx_word' id='word_1_162' title='bbox 123 3222 200 3292; x_wconf 80' lang='lat' dir='ltr'><strong>vulg.</strong></span> <span class='ocrx_word' id='word_1_163' title='bbox 312 3245 333 3278; x_wconf 91' lang='grc'><strong>1.</strong></span> <span class='ocrx_word' id='word_1_164' title='bbox 352 3225 450 3277; x_wconf 85' lang='lat' dir='ltr'><strong>Larino</strong></span> <span class='ocrx_word' id='word_1_165' title='bbox 469 3226 554 3278; x_wconf 86' lang='lat' dir='ltr'><strong>ABG</strong></span> <span class='ocrx_word' id='word_1_166' title='bbox 586 3223 693 3292; x_wconf 85' lang='lat' dir='ltr'><strong>perdito</strong></span> <span class='ocrx_word' id='word_1_167' title='bbox 713 3242 731 3275; x_wconf 85' lang='lat' dir='ltr'><strong>a</strong></span> <span class='ocrx_word' id='word_1_168' title='bbox 766 3223 964 3292; x_wconf 85' lang='lat' dir='ltr'><strong>nequitiamC</strong></span> <span class='ocrx_word' id='word_1_169' title='bbox 1061 3224 1087 3279; x_wconf 82' lang='lat'><strong>3.</strong></span> <span class='ocrx_word' id='word_1_170' title='bbox 1107 3223 1212 3276; x_wconf 58' lang='lat' dir='ltr'><strong>exarsi„</strong></span> 
     </span>
     <span class='ocr_line' id='line_1_26' title="bbox 122 3289 1217 3368; baseline 0.003 -26"><span class='ocrx_word' id='word_1_171' title='bbox 122 3295 263 3346; x_wconf 69' lang='lat' dir='ltr'><strong>andane</strong></span> <span class='ocrx_word' id='word_1_172' title='bbox 295 3296 515 3348; x_wconf 81' lang='lat' dir='ltr'><strong>accommodatus</strong></span> <span class='ocrx_word' id='word_1_173' title='bbox 532 3299 568 3347; x_wconf 93' lang='grc' dir='ltr'><em>Π</em></span> <span class='ocrx_word' id='word_1_174' title='bbox 583 3299 639 3368; x_wconf 83' lang='lat' dir='ltr'><strong>(pr.</strong></span> <span class='ocrx_word' id='word_1_175' title='bbox 655 3292 723 3346; x_wconf 83' lang='lat' dir='ltr'><strong>Cde</strong></span> <span class='ocrx_word' id='word_1_176' title='bbox 742 3311 798 3366; x_wconf 85' lang='lat' dir='ltr'><strong>quo</strong></span> <span class='ocrx_word' id='word_1_177' title='bbox 812 3291 969 3358; x_wconf 82' lang='lat' dir='ltr'><strong>dubitatur)</strong></span> <span class='ocrx_word' id='word_1_178' title='bbox 988 3289 1132 3362; x_wconf 75' lang='grc' dir='ltr'><em>αγδεζη</em></span> <span class='ocrx_word' id='word_1_179' title='bbox 1167 3308 1217 3345; x_wconf 84' lang='lat' dir='ltr'><strong>ac-</strong></span> 
     </span>
     <span class='ocr_line' id='line_1_27' title="bbox 124 3363 1219 3436; baseline 0.006 -25"><span class='ocrx_word' id='word_1_180' title='bbox 124 3364 293 3416; x_wconf 81' lang='lat' dir='ltr'><strong>commodata</strong></span> <span class='ocrx_word' id='word_1_181' title='bbox 315 3367 337 3418; x_wconf 84' lang='lat' dir='ltr'><em>C</em></span> <span class='ocrx_word' id='word_1_182' title='bbox 357 3367 428 3429; x_wconf 83' lang='lat' dir='ltr'><strong>(nisi</strong></span> <span class='ocrx_word' id='word_1_183' title='bbox 435 3364 515 3436; x_wconf 80' lang='lat' dir='ltr'><strong>forte</strong></span> <span class='ocrx_word' id='word_1_184' title='bbox 533 3365 558 3416; x_wconf 81' lang='lat' dir='ltr'><strong>t.</strong></span> <span class='ocrx_word' id='word_1_185' title='bbox 578 3366 598 3424; x_wconf 80' lang='lat' dir='ltr'><strong>l,</strong></span> <span class='ocrx_word' id='word_1_186' title='bbox 616 3367 734 3434; x_wconf 80' lang='lat' dir='ltr'><strong>Peyron.</strong></span> <span class='ocrx_word' id='word_1_187' title='bbox 756 3365 920 3415; x_wconf 80' lang='lat' dir='ltr'><strong>varietatem</strong></span> <span class='ocrx_word' id='word_1_188' title='bbox 945 3363 1073 3415; x_wconf 83' lang='lat' dir='ltr'><strong>lectionis</strong></span> <span class='ocrx_word' id='word_1_189' title='bbox 1101 3375 1219 3418; x_wconf 78' lang='lat' dir='ltr'><strong>enotare</strong></span> 
     </span>
     <span class='ocr_line' id='line_1_28' title="bbox 124 3432 1221 3559; baseline 0.005 -7"><span class='ocrx_word' id='word_1_190' title='bbox 124 3432 354 3558; x_wconf 48' lang='lat' dir='ltr'><strong>sdtpersd‘iiiiviid</strong></span> <span class='ocrx_word' id='word_1_191' title='bbox 366 3437 412 3557; x_wconf 60' lang='grc' dir='ltr'><strong>λεμ</strong></span> <span class='ocrx_word' id='word_1_192' title='bbox 421 3438 538 3559; x_wconf 35' lang='lat' dir='ltr'><strong>adduxii</strong></span> <span class='ocrx_word' id='word_1_193' title='bbox 550 3447 589 3559; x_wconf 53' lang='lat' dir='ltr'><strong>iit</strong></span> <span class='ocrx_word' id='word_1_194' title='bbox 610 3434 707 3556; x_wconf 77' lang='lat' dir='ltr'><strong>Asiniii</strong></span> <span class='ocrx_word' id='word_1_195' title='bbox 716 3433 1017 3558; x_wconf 51' lang='lat' dir='ltr'><strong>atlbgentationibppugib</strong></span> <span class='ocrx_word' id='word_1_196' title='bbox 1024 3448 1068 3555; x_wconf 56' lang='lat' dir='ltr'><strong>Md</strong></span> <span class='ocrx_word' id='word_1_197' title='bbox 1106 3435 1221 3557; x_wconf 64' lang='lat' dir='ltr'><strong>Astiiwli&#39;</strong></span> 
     </span>
     <span class='ocr_line' id='line_1_29' title="bbox 123 3522 1218 3656; baseline 0.002 -32"><span class='ocrx_word' id='word_1_198' title='bbox 123 3572 269 3626; x_wconf 70' lang='lat' dir='ltr'><strong>Aeetias</strong></span> <span class='ocrx_word' id='word_1_199' title='bbox 353 3526 771 3656; x_wconf 64' lang='lat' dir='ltr'><strong>ginirerdefgbltnoqt</strong></span> <span class='ocrx_word' id='word_1_200' title='bbox 814 3522 1051 3628; x_wconf 72' lang='lat' dir='ltr'><strong>eniniconsiliuiri</strong></span> <span class='ocrx_word' id='word_1_201' title='bbox 1068 3571 1218 3647; x_wconf 75' lang='lat' dir='ltr'><strong>ABdefg</strong></span> 
     </span>
     <span class='ocr_line' id='line_1_30' title="bbox 123 3638 1218 3715; baseline 0.003 -22"><span class='ocrx_word' id='word_1_202' title='bbox 123 3638 269 3715; x_wconf 70' lang='lat' dir='ltr'><strong>himnop</strong></span> <span class='ocrx_word' id='word_1_203' title='bbox 305 3658 451 3698; x_wconf 80' lang='lat' dir='ltr'><strong>rstuvw</strong></span> <span class='ocrx_word' id='word_1_204' title='bbox 504 3646 578 3698; x_wconf 88' lang='lat' dir='ltr'><strong>enim</strong></span> <span class='ocrx_word' id='word_1_205' title='bbox 597 3645 627 3696; x_wconf 93' lang='lat' dir='ltr'><strong>id</strong></span> <span class='ocrx_word' id='word_1_206' title='bbox 644 3645 788 3697; x_wconf 71' lang='lat' dir='ltr'><strong>consilinm</strong></span> <span class='ocrx_word' id='word_1_207' title='bbox 804 3644 858 3698; x_wconf 77' lang='lat' dir='ltr'><strong>tto</strong></span> <span class='ocrx_word' id='word_1_208' title='bbox 948 3644 1218 3712; x_wconf 81' lang='lat' dir='ltr'><strong>roperficererem</strong></span> 
     </span>
     <span class='ocr_line' id='line_1_31' title="bbox 121 3665 1218 3786; baseline 0.002 -22"><span class='ocrx_word' id='word_1_209' title='bbox 121 3665 593 3786; x_wconf 60' lang='lat' dir='ltr'><strong>ABCdequklmnopdscqrt</strong></span> <span class='ocrx_word' id='word_1_210' title='bbox 637 3717 766 3784; x_wconf 84' lang='lat' dir='ltr'><strong>perlicere</strong></span> <span class='ocrx_word' id='word_1_211' title='bbox 784 3718 848 3781; x_wconf 71' lang='lat' dir='ltr'><strong>(cam.</strong></span> <span class='ocrx_word' id='word_1_212' title='bbox 867 3721 938 3782; x_wconf 82' lang='lat' dir='ltr'><strong>rent)</strong></span> <span class='ocrx_word' id='word_1_213' title='bbox 959 3713 1218 3785; x_wconf 75' lang='lat' dir='ltr'><strong>abcipqrstuoe</strong></span> 
     </span>
     <span class='ocr_line' id='line_1_32' title="bbox 120 3783 1216 3857; baseline 0.002 -25"><span class='ocrx_word' id='word_1_214' title='bbox 120 3783 253 3849; x_wconf 86' lang='lat' dir='ltr'><strong>proficere</strong></span> <span class='ocrx_word' id='word_1_215' title='bbox 274 3805 300 3837; x_wconf 86' lang='lat' dir='ltr'>w</span> <span class='ocrx_word' id='word_1_216' title='bbox 335 3787 429 3855; x_wconf 86' lang='lat' dir='ltr'><strong>perfici</strong></span> <span class='ocrx_word' id='word_1_217' title='bbox 447 3801 505 3838; x_wconf 88' lang='lat' dir='ltr'><strong>rem</strong></span> <span class='ocrx_word' id='word_1_218' title='bbox 523 3787 589 3857; x_wconf 81' lang='grc' dir='ltr'><strong>κλμ</strong></span> <span class='ocrx_word' id='word_1_219' title='bbox 602 3789 746 3855; x_wconf 79' lang='grc' dir='ltr'><strong><em>νξοπρσ</em></strong></span> <span class='ocrx_word' id='word_1_220' title='bbox 825 3803 865 3840; x_wconf 92' lang='grc'><strong>11.</strong></span> <span class='ocrx_word' id='word_1_221' title='bbox 884 3786 1000 3838; x_wconf 78' lang='lat' dir='ltr'><strong>Asuvius</strong></span> <span class='ocrx_word' id='word_1_222' title='bbox 1022 3783 1129 3854; x_wconf 82' lang='lat' dir='ltr'><strong>ABCp</strong></span> <span class='ocrx_word' id='word_1_223' title='bbox 1149 3784 1216 3840; x_wconf 81' lang='lat' dir='ltr'><strong>rell.</strong></span> 
     </span>
     <span class='ocr_line' id='line_1_33' title="bbox 121 3853 1216 3928; baseline 0.004 -25"><span class='ocrx_word' id='word_1_224' title='bbox 121 3855 203 3905; x_wconf 81' lang='lat' dir='ltr'><strong>varic</strong></span> <span class='ocrx_word' id='word_1_225' title='bbox 222 3853 381 3928; x_wconf 78' lang='lat' dir='ltr'><strong>discrepant</strong></span> <span class='ocrx_word' id='word_1_226' title='bbox 415 3860 457 3908; x_wconf 75' lang='lat' dir='ltr'><strong>Aa.</strong></span> <span class='ocrx_word' id='word_1_227' title='bbox 475 3873 540 3908; x_wconf 86' lang='lat' dir='ltr'><strong>vero</strong></span> <span class='ocrx_word' id='word_1_228' title='bbox 558 3870 601 3906; x_wconf 84' lang='grc' dir='ltr'><strong>αε</strong></span> <span class='ocrx_word' id='word_1_229' title='bbox 640 3876 678 3910; x_wconf 80' lang='lat' dir='ltr'><strong>ra.</strong></span> <span class='ocrx_word' id='word_1_230' title='bbox 697 3855 761 3922; x_wconf 87' lang='lat' dir='ltr'><strong>hos]</strong></span> <span class='ocrx_word' id='word_1_231' title='bbox 781 3854 881 3926; x_wconf 83' lang='lat' dir='ltr'><strong>quibus</strong></span> <span class='ocrx_word' id='word_1_232' title='bbox 900 3873 918 3906; x_wconf 84' lang='grc' dir='ltr'><strong><em>α</em></strong></span> <span class='ocrx_word' id='word_1_233' title='bbox 957 3856 995 3907; x_wconf 82' lang='grc'><strong>13.</strong></span> <span class='ocrx_word' id='word_1_234' title='bbox 1011 3854 1216 3907; x_wconf 63' lang='lat' dir='ltr'><strong>secutum«</strong></span> 
     </span>
     <span class='ocr_line' id='line_1_34' title="bbox 120 3920 1214 3997; baseline 0.003 -24"><span class='ocrx_word' id='word_1_235' title='bbox 120 3920 286 3997; x_wconf 67' lang='lat' dir='ltr'><strong>bciqm</strong></span> <span class='ocrx_word' id='word_1_236' title='bbox 395 3934 555 3977; x_wconf 80' lang='lat' dir='ltr'><strong>consecutus</strong></span> <span class='ocrx_word' id='word_1_237' title='bbox 578 3927 696 3994; x_wconf 79' lang='lat' dir='ltr'><strong>Rvulg.</strong></span> <span class='ocrx_word' id='word_1_238' title='bbox 787 3933 817 3978; x_wconf 91' lang='lat' dir='ltr'><strong>ut</strong></span> <span class='ocrx_word' id='word_1_239' title='bbox 833 3923 944 3996; x_wconf 85' lang='lat' dir='ltr'><strong>Romae]</strong></span> <span class='ocrx_word' id='word_1_240' title='bbox 965 3941 1019 3993; x_wconf 86' lang='lat' dir='ltr'><strong>qua</strong></span> <span class='ocrx_word' id='word_1_241' title='bbox 1037 3923 1147 3975; x_wconf 83' lang='lat' dir='ltr'><strong>ratione</strong></span> <span class='ocrx_word' id='word_1_242' title='bbox 1168 3942 1214 3997; x_wconf 69' lang='lat' dir='ltr'><strong>aq</strong></span> 
     </span>
     <span class='ocr_line' id='line_1_35' title="bbox 42 3992 1214 4067; baseline 0.001 -22"><span class='ocrx_word' id='word_1_243' title='bbox 42 4055 49 4067; x_wconf 80' lang='lat'><strong>.</strong></span> <span class='ocrx_word' id='word_1_244' title='bbox 121 3992 223 4063; x_wconf 82' lang='lat' dir='ltr'><strong>quibus</strong></span> <span class='ocrx_word' id='word_1_245' title='bbox 242 3996 373 4047; x_wconf 80' lang='lat' dir='ltr'><strong>conviviis</strong></span> <span class='ocrx_word' id='word_1_246' title='bbox 392 4013 443 4062; x_wconf 77' lang='lat' dir='ltr'><strong>om.</strong></span> <span class='ocrx_word' id='word_1_247' title='bbox 457 3994 585 4055; x_wconf 80' lang='grc' dir='ltr'><em>ΑΒδζσ</em></span> <span class='ocrx_word' id='word_1_248' title='bbox 656 3997 694 4048; x_wconf 89' lang='grc'><strong>16.</strong></span> <span class='ocrx_word' id='word_1_249' title='bbox 713 3995 805 4047; x_wconf 87' lang='lat' dir='ltr'><strong>dicere</strong></span> <span class='ocrx_word' id='word_1_250' title='bbox 825 3995 895 4048; x_wconf 87' lang='lat' dir='ltr'><strong>mihi</strong></span> <span class='ocrx_word' id='word_1_251' title='bbox 912 3993 1214 4065; x_wconf 75' lang='lat' dir='ltr'><strong>ABCalepqrstu</strong></span> 
     </span>
     <span class='ocr_line' id='line_1_36' title="bbox 122 4063 1217 4137; baseline 0.003 -24"><span class='ocrx_word' id='word_1_252' title='bbox 122 4078 167 4114; x_wconf 79' lang='grc' dir='ltr'><strong>αν</strong></span> <span class='ocrx_word' id='word_1_253' title='bbox 217 4065 285 4131; x_wconf 83' lang='lat' dir='ltr'><strong>mihi</strong></span> <span class='ocrx_word' id='word_1_254' title='bbox 304 4065 394 4118; x_wconf 83' lang='lat' dir='ltr'><strong>dicere</strong></span> <span class='ocrx_word' id='word_1_255' title='bbox 412 4066 525 4134; x_wconf 58' lang='lat' dir='ltr'><strong>Bvulg,</strong></span> <span class='ocrx_word' id='word_1_256' title='bbox 626 4082 665 4134; x_wconf 88' lang='lat'><strong>¹7·</strong></span> <span class='ocrx_word' id='word_1_257' title='bbox 685 4065 776 4116; x_wconf 73' lang='lat' dir='ltr'><strong>eiust</strong></span> <span class='ocrx_word' id='word_1_258' title='bbox 867 4073 1007 4137; x_wconf 78' lang='lat' dir='ltr'><strong>19.atque</strong></span> <span class='ocrx_word' id='word_1_259' title='bbox 1028 4063 1173 4133; x_wconf 84' lang='lat' dir='ltr'><strong>ubipern.</strong></span> <span class='ocrx_word' id='word_1_260' title='bbox 1192 4064 1217 4116; x_wconf 80' lang='lat' dir='ltr'>C</span> 
     </span>
     <span class='ocr_line' id='line_1_37' title="bbox 121 4131 1214 4209; baseline 0.002 -24"><span class='ocrx_word' id='word_1_261' title='bbox 121 4147 164 4186; x_wconf 74' lang='lat' dir='ltr'><strong>ao.</strong></span> <span class='ocrx_word' id='word_1_262' title='bbox 185 4134 227 4187; x_wconf 88' lang='lat' dir='ltr'><strong>ibi</strong></span> <span class='ocrx_word' id='word_1_263' title='bbox 245 4135 317 4188; x_wconf 88' lang='lat' dir='ltr'><strong>diem</strong></span> <span class='ocrx_word' id='word_1_264' title='bbox 335 4135 422 4188; x_wconf 73' lang='lat' dir='ltr'><strong>Aac</strong></span> <span class='ocrx_word' id='word_1_265' title='bbox 488 4144 515 4185; x_wconf 88' lang='lat' dir='ltr'><strong>et</strong></span> <span class='ocrx_word' id='word_1_266' title='bbox 534 4134 573 4185; x_wconf 84' lang='lat' dir='ltr'><strong>ibi</strong></span> <span class='ocrx_word' id='word_1_267' title='bbox 598 4135 671 4187; x_wconf 86' lang='lat' dir='ltr'><strong>diem</strong></span> <span class='ocrx_word' id='word_1_268' title='bbox 694 4131 1214 4209; x_wconf 62' lang='lat' dir='ltr'><strong>desgblrlnoprstutlyd&#39;etqttlp</strong></span> 
     </span>
     <span class='ocr_line' id='line_1_38' title="bbox 121 4202 1109 4277; baseline -0.001 -19"><span class='ocrx_word' id='word_1_269' title='bbox 121 4212 219 4276; x_wconf 69' lang='grc' dir='ltr'><strong>νοπρ</strong></span> <span class='ocrx_word' id='word_1_270' title='bbox 257 4214 285 4260; x_wconf 83' lang='lat' dir='ltr'><strong>et</strong></span> <span class='ocrx_word' id='word_1_271' title='bbox 302 4205 406 4260; x_wconf 84' lang='lat' dir='ltr'><strong>ibidem</strong></span> <span class='ocrx_word' id='word_1_272' title='bbox 424 4208 519 4259; x_wconf 84' lang='lat' dir='ltr'><strong>aivw</strong></span> <span class='ocrx_word' id='word_1_273' title='bbox 560 4215 588 4259; x_wconf 81' lang='lat' dir='ltr'><strong>et</strong></span> <span class='ocrx_word' id='word_1_274' title='bbox 608 4204 648 4258; x_wconf 87' lang='lat' dir='ltr'><strong>ibi</strong></span> <span class='ocrx_word' id='word_1_275' title='bbox 671 4202 735 4277; x_wconf 82' lang='lat' dir='ltr'><strong>beq</strong></span> <span class='ocrx_word' id='word_1_276' title='bbox 782 4212 811 4258; x_wconf 88' lang='lat' dir='ltr'><strong>et</strong></span> <span class='ocrx_word' id='word_1_277' title='bbox 829 4205 936 4261; x_wconf 84' lang='lat' dir='ltr'><strong>ibidem</strong></span> <span class='ocrx_word' id='word_1_278' title='bbox 955 4203 1109 4267; x_wconf 62' lang='lat' dir='ltr'><strong>diemtot</strong></span> 
     </span>
    </p>
   </div>
   <div class='ocr_carea' id='block_1_5' title="bbox 0 0 1372 4696">
    <p class='ocr_par' dir='ltr' id='par_1_19' title="bbox 0 0 1372 4696">
     <span class='ocr_line' id='line_1_39' title="bbox 0 0 1372 4696; baseline 0 2"><span class='ocrx_word' id='word_1_279' title='bbox 0 0 1372 4696; x_wconf 95' lang='lat' dir='ltr'><strong> </strong></span> 
     </span>
    </p>
   </div>
  </div>
 </body>
</html>
