2736 4696
596 275 772 338 omncs.
1155 309 1223 383 ,79

94 448 98 458 ’
122 438 297 525 Cannutio
318 459 479 533 dubitavit,
503 483 597 542 quum
618 460 764 543 praetoris
788 459 876 519 luisse
897 469 1031 520 censeret
1054 460 1143 521 tinem
1167 461 1224 520 im·

142 589 258 652 ponere
285 589 392 629 causae
422 567 586 642 dicendae,
621 568 748 649 ideoque
772 567 804 630 C.
831 566 919 626 Iimio
948 565 1223 628 scribendum'esse

139 698 199 760 pro
221 676 367 738 Cannutio
384 679 547 758 suspicatus
568 689 633 753 est3
655 678 792 758 quamvis
819 675 876 736 hac
897 673 1070 736 difficultate
1090 695 1223 734 commo·

139 792 206 858 tus,
231 791 417 863 postremum
437 781 477 842 ad
497 781 621 841 Gruteri
642 783 821 862 scripturam
842 779 1090 862 redeat:plocuit
1107 793 1223 864 repente

135 889 336 969 pronuntiare
365 887 495 960 iudicem
527 886 671 946 dixerunt
703 909 733 945 se
761 886 796 945 id
824 887 916 950 velle.
969 886 1011 945 At
1041 889 1154 946 erravit
1174 887 1222 947 vir

140 993 295 1075 egregius.
338 992 417 1052 Nem
440 1003 649 1074 praeterquam
669 992 751 1074 quod
771 994 919 1054 Asconius
939 1017 1000 1053 non
1021 995 1112 1066 dicit,
1132 1015 1223 1078 prae·

136 1113 232 1174 torem
255 1097 332 1158 illud
347 1098 491 1163 dixerunt
511 1120 528 1158 a
550 1120 697 1179 praecone
716 1103 906 1182 pronuntiari
928 1103 1067 1178 iussisse,
1081 1082 1133 1161 ex
1157 1102 1220 1182 ipso

136 1226 204 1290 cap.
229 1205 279 1265 30.
301 1202 363 1264 83‘:
386 1225 439 1263 cur
463 1225 540 1280 eum,
568 1226 656 1288 quaem
678 1208 710 1265 iu
729 1208 883 1266 eonsilium
903 1207 1002 1280 betur,
1030 1207 1174 1266 Cluentius
1194 1219 1224 1268 et

138 1312 304 1373 &nouum
323 1311 422 1371 abesse
437 1312 645 1394 patiebantur?
665 1334 718 1371 cur
738 1334 826 1397 qtucm
846 1316 878 1372 iu
897 1316 1050 1373 consilium
1060 1315 1218 1390 mittebant,

91 1445 94 1454 ’
138 1417 297 1478 Staienwn
317 1415 444 1475 iudicem
470 1437 529 1475 non
549 1418 755 1500 requirebant?
792 1423 863 1479 satis
884 1433 1031 1500 apparet,
1066 1431 1223 1480 accusato-

137 1543 188 1584 res
210 1523 243 1581 in
262 1521 414 1581 must'liime
434 1521 545 1580 misisse
566 1521 596 1586 h.
618 1543 643 1584 e.
665 1522 704 1582 ad
733 1525 900 1584 ineundum
928 1522 1085 1584 eonsilium
1110 1526 1222 1587 iudices

137 1631 294 1689 invitasse.
338 1626 418 1686 Illud
441 1638 541 1686 autem
562 1628 642 1708 quod
664 1630 846 1690 Garatonius
867 1652 901 1690 ex
929 1634 1102 1690 coniectura
1131 1631 1221 1692 scribi

135 1736 283 1817 iubebat:
303 1736 494 1816 pronuntiari
514 1757 568 1816 pro
590 1737 686 1796 forma
706 1737 803 1797 activa
836 1741 1052 1821 promeruisse,
1083 1759 1117 1796 ex
1144 1738 1220 1799 duo-

134 1845 195 1921 bus
217 1830 364 1917 Palatinis
385 1851 414 1900 et
435 1842 536 1901 codice
557 1843 588 1901 S.
609 1841 739 1903 Victoris
769 1846 902 1903 enotavit
935 1847 1093 1917 Gruterus,
1129 1845 1219 1926 idque

135 1951 274 2031 recipere
317 1968 378 2008 non
408 1947 562 2007 haesitavi.
592 1982 631 1993 -
687 1950 827 2009 Ceterum
854 1953 930 2011 sicut
964 1971 1051 2010 causa
1072 1951 1215 2026 utrinque

135 2064 277 2138 perorata
297 2052 443 2112 dixerunt
462 2075 479 2111 a
500 2073 646 2134 praecone
668 2055 931 2134 pronuntiabatur,
956 2055 998 2114 sic
1020 2077 1109 2116 causa
1144 2052 1224 2118 non-v

134 2144 214 2223 (lum
236 2166 310 2221 satis
331 2162 462 2240 exposita
483 2163 613 2244 amplius
634 2183 667 2221 ex
689 2161 803 2222 consilii
826 2163 972 2222 sententia
992 2167 1220 2243 pronuntiatum

135 2277 194 2328 est.
216 2288 245 2327 v.
267 2266 333 2325 Cic.
357 2266 442 2324 Brut.
467 2287 496 2325 c.
521 2287 569 2324 22.

222 2352 250 2435 5.
276 2354 468 2454 quadragena
495 2372 592 2430 millu
625 2369 788 2453 nummum]
845 2371 1012 2432 Numerum
1043 2393 1104 2432 non
1134 2375 1220 2436 aliter

136 2475 230 2539 scribi
260 2499 369 2560 posse,
404 2479 497 2558 ipsius
525 2478 568 2537 rei
600 2480 676 2538 ratio
708 2474 875 2538 luculenter
911 2480 1059 2538 ostendit:
1082 2500 1166 2540 error
1188 2484 1219 2542 iu

137 2582 244 2645 multis
265 2583 355 2671 codd.
378 2594 407 2643 et
428 2581 621 2656 editionibus,
643 2584 732 2642 etiam
754 2585 872 2644 Gruteri
897 2594 926 2642 et
949 2583 1069 2642 Graevii
1088 2593 1220 2656 (sexcen-

135 2704 169 2752 ta
183 2690 386 2775 quodraginta
404 2691 515 2758 millio)
535 2690 605 2748 iude
635 2700 756 2765 natum,
778 2689 860 2769 quod
889 2690 1087 2772 qtmdroge'nta
1121 2693 1218 2753 millia

136 2795 185 2856 his
201 2797 294 2876 signis
313 2795 514 2855 notabantur:
538 2794 680 2867 CIDXL,
704 2793 786 2852 unde
807 2791 945 2852 effectum
966 2805 1009 2854 est
1032 2794 1165 2861 lanL.

220 2923 266 2984 17.
290 2899 393 2982 Aelio]
433 2901 553 2960 Placuit
573 2902 678 2980 optimi
699 2899 866 2959 Florentini
884 2901 1042 2982 scriptura,
1066 2923 1144 2982 quae
1164 2926 1212 2964 er-

136 3030 207 3070 rore
237 3007 422 3090 palimpsesti
456 3006 651 3066 'laurinensis
679 3016 780 3086 aperte
802 3005 1006 3066 confirmatur.
1047 3007 1128 3068 Haec
1149 3033 1218 3072 rara

134 3113 297 3199 appellatio
319 3118 367 3189 (v.
388 3135 416 3174 c.
437 3115 487 3190 24.
510 3111 561 3190 64.
580 3123 611 3172 et
635 3112 684 3174 26.
709 3113 775 3194 72.)
797 3123 876 3172 certe
899 3134 961 3173 non
982 3136 1000 3175 a
1020 3114 1150 3178 librariis
1170 3139 1217 3179 ex·

135 3227 268 3305 cogitata
291 3230 344 3285 est.

136 3348 141 3356 ¹
220 3329 281 3407 55,
320 3350 365 3389 ro.
394 3328 619 3411 exspectabant.-
652 3329 695 3388 sic
722 3348 825 3389 seusus
853 3328 944 3389 etiam
973 3332 1036 3390 sine
1064 3328 1149 3392 libris
1167 3351 1217 3393 re-

134 3438 226 3500 scribi
256 3436 380 3496 iubebat
405 3455 461 3516 pro
491 3433 613 3514 vulgato
645 3435 831 3516 spectabant:
861 3458 933 3497 nam
955 3437 1129 3500 nullaedum
1147 3461 1216 3502 sen·

134 3547 248 3607 tentiae
268 3543 367 3603 dictae
388 3552 493 3619 erant,
515 3563 589 3623 quas
609 3555 771 3624 spectarem
788 3547 878 3605 ceteri
900 3543 1023 3606 iudices.

155 3686 159 3695 .
218 3647 282 3727 54,
321 3669 348 3707 r.
378 3648 476 3707 seueri
510 3647 664 3725 homines,
700 3649 753 3731 qui
773 3651 827 3710 boc
848 3649 1020 3729 statueriuu]
1042 3653 1111 3736 qui,
1134 3652 1216 3735 quod

134 3755 235 3819 Orell.
265 3777 301 3817 ex
326 3752 387 3836 pal.
415 3753 508 3814 Taur.
528 3753 676 3826 restituit,
704 3756 795 3814 etiam
815 3757 846 3814 in
874 3759 995 3836 optimis
1016 3763 1124 3820 nostris
1143 3782 1216 3820 con·

133 3864 274 3948 spicitur.
317 3859 440 3940 Optime
470 3858 547 3918 vidit
567 3857 718 3935 Orellius,
746 3862 883 3920 restituto
904 3866 1097 3940 pronomine,
1121 3869 1151 3925 in
1169 3887 1216 3926 se·

133 3967 299 4050 quentibus
326 3967 392 4041 etsi,
415 3963 498 4044 quod
531 3963 623 4046 vulgo
644 3964 825 4025 disiunctum
846 3967 1052 4052 scribebatur,
1074 3962 1134 4033 uno
1155 3986 1214 4030 vo·

135 4073 246 4137 cabulo
268 4069 507 4143 concludendum
529 4091 610 4132 esse:
643 4091 705 4153 quo
736 4071 815 4137 l'acto
843 4073 954 4134 mirum
975 4087 1121 4156 quantum
1140 4077 1215 4141 baec
