2736 4696
373 314 376 320 -
482 282 565 344 nno
588 281 879 346 a-ctunttrto
1178 291 1246 381 Ι,4.

157 470 274 576 quod
297 469 582 547 difficile-sactu
608 485 685 557 est,
712 468 753 541 in
779 469 856 543 vita
882 464 1115 560 remanebit,
1139 493 1248 572 saepe

148 625 207 705 ¹et
220 605 391 678 multum
407 583 601 704 queretur,
624 599 902 705 deprehensum
921 625 995 676 esse
1010 598 1110 676 illud
1126 627 1251 703 quon-

167 723 276 800 dam.
293 724 565 799 Fabricianum
588 748 792 798 venenum.
858 721 1004 819 Quodsi
1042 741 1125 799 tum
1149 724 1250 803 indi-

167 869 303 924 catum
328 874 408 923 non
434 833 546 931 esset,
569 874 648 920 non
669 845 767 921 huic
791 845 1116 931 aerumnosissimo
1140 873 1251 922 vene-

127 977 272 1047 ,5num
297 969 397 1046 illud
422 969 562 1059 fuisset,
597 967 662 1044 sed
686 968 899 1045 multorum
929 967 1251 1048 medicamentum

165 1095 367 1171 laborum:
394 1113 582 1198 postremo
601 1093 716 1167 etiam
738 1092 901 1168 fortassis
916 1112 1037 1168 mater
1059 1095 1251 1197 exsequias

167 1217 277 1294 illius
293 1217 441 1291 funeris
466 1235 674 1320 prosecuta,
701 1233 864 1290 mortem
887 1242 925 1291 se
952 1216 1022 1290 filii
1048 1217 1178 1319 lugere
1201 1219 1250 1293 si·

165 1340 365 1433 mulassctx
413 1340 526 1413 Nu'nc
555 1363 644 1413 vero
677 1335 775 1440 quid
811 1336 886 1411 erit
917 1337 1151 1440 profectum,
1176 1341 1250 1416 nisi

164 1481 212 1538 ut
237 1461 355 1538 huius
379 1487 424 1536 ex
449 1460 583 1537 mediis
606 1460 739 1538 mortis
764 1458 911 1547 insidiis
933 1460 1010 1535 vita
1035 1460 1084 1535 ad
1100 1463 1250 1540 luctum

128 1602 405 1670 10conservata‚
440 1611 539 1660 mors
572 1584 746 1688 sepulcro
781 1581 900 1686 patris
924 1583 1072 1687 privata
1097 1611 1171 1662 esse
1195 1588 1251 1662 vi·

166 1707 330 1783 deaturl
378 1707 472 1787 Satis
497 1705 567 1780 diu
590 1706 667 1780 fuit
693 1706 734 1779 in
759 1705 939 1796 miseriis,
970 1706 1130 1785 iudices:
1157 1712 1245 1786 satis
1265 1739 1322 1779 202

166 1833 309 1907 multos
345 1856 464 1904 annos
496 1855 542 1903 ex
574 1828 718 1904 invidia
751 1829 946 1924 laboravit·
1005 1832 1124 1908 Nemo
1156 1835 1251 1912 huic

168 1973 247 2030 tam
286 1954 460 2056 iniquus,
495 1971 645 2058 praeter
670 1971 889 2056 parentem,
916 1952 1010 2045 fuit,
1036 1955 1145 2034 ouius
1169 1961 1251 2035 ani·

165 2104 277 2189 ‚mum
303 2106 383 2152 non
410 2076 486 2151 iam
512 2077 709 2180 expletum
733 2098 807 2152 esse
832 2096 1035 2181 putemus:
1067 2107 1147 2170 vos,
1179 2084 1251 2188 qui

141 2200 283 2304 ¹5aequi
308 2200 394 2276 estis
419 2198 607 2288 omnibus,
625 2199 709 2300 qui,
735 2200 968 2305 utquisque
994 2201 1252 2282 crudelissime

173 2343 438 2432 oppugnatur,
464 2346 553 2398 eum
579 2322 766 2398 lenissime
790 2323 1009 2413 sublevatis,
1034 2351 1250 2406 conservate

172 2454 211 2526 d
248 2448 491 2523 Cluentium:
531 2446 719 2521 restituite
751 2447 983 2524 incolumem
1015 2453 1247 2560 municipio:

173 2573 309 2662 amicis,
339 2569 483 2660 vicinis,
508 2566 731 2674 hospitibus,
759 2596 929 2671 quorum
953 2571 1079 2651 studia
1103 2576 1247 2665 videtis,

177 2694 339 2770 reddite:
376 2692 482 2769 vobis
520 2692 563 2768 in
599 2712 830 2800 perpetuum
874 2695 1080 2802 liberisque
1119 2704 1249 2779 vestris

143 2817 405 2920 ²0obstringite.
479 2818 661 2892 Vestrum
695 2834 750 2890 est
781 2814 873 2911 hoc,
905 2817 1070 2909 iudices,
1105 2845 1248 2902 vestrae

177 2941 380 3048 dignitatis,
392 2959 534 3019 vestrae
562 2941 799 3017 clementiae:
827 2960 927 3018 recte
951 2943 1025 3019 hoc
1059 2949 1248 3052 repetitur

171 3069 339 3159 anobis,
372 3086 419 3144 ut
455 3067 583 3142 virum
619 3066 811 3171 optimum
845 3085 961 3172 atque
986 3068 1248 3156 innocentissi.

254 3351 300 3397 to.
321 3341 471 3392 reservata

239 3601 262 3636 ι.
283 3583 313 3634 in
331 3600 382 3637 om.
408 3584 636 3637 ABcrstuvc
779 3600 802 3638 a.
822 3591 982 3656 quereretur
1001 3590 1100 3646 ΑΒΜ
1223 3596 1249 3665 d.

170 3651 318 3722 priusncn
336 3665 490 3708 omnen
624 3671 650 3723 7·
674 3669 703 3703 ae
734 3653 785 3708 filii
805 3661 898 3712 om.B
967 3676 995 3712 se
1022 3661 1074 3718 om.
1094 3668 1119 3719 A
1223 3672 1249 3724 8,

171 3729 320 3788 pertectum
340 3742 387 3795 κμ
456 3725 578 3795 prolecto
596 3744 615 3776 a
635 3752 662 3763 -
683 3741 709 3775 m
859 3746 897 3783 to.
916 3743 1072 3786 conservata
1090 3741 1125 3788 11
1139 3751 1250 3808 praetor

169 3791 316 3859 ηιςαδεζ
401 3803 536 3849 reservata
554 3795 616 3850 rell.
634 3788 693 3846 edd.
814 3802 1065 3858 temonariorum
1083 3810 1138 3862 Aa
1193 3828 1250 3864 non

171 3878 221 3914 om.
248 3876 452 3917 anorstuvoe
592 3867 631 3918 16.
659 3883 786 3919 eumom.
813 3882 966 3924 uorstuv
1087 3895 1117 3948 ¹7
1144 3880 1176 3937 Α,
1198 3900 1248 3934 om.

172 3929 472 4075 plezeggltiklor'stu
613 3953 656 3991 ac.
683 3949 788 3992 vestrae
807 3938 948 4011 dignitatis
977 3961 1027 3997 om.
1059 3946 1099 4001 cd.
1131 3951 1204 4020 15⁸4.
1233 3968 1248 4004 o
