2774 4696
161 251 222 303 XIV

164 425 282 510 egregio
329 419 548 503 salisburgensi
595 414 803 499 usurpandum
837 412 925 475 nobis
955 410 1101 473 concessit
1134 388 1252 471 sumum

162 557 274 640 Regiae
301 554 503 617 bibliothecae
528 551 746 634 praefectorum
778 545 966 624 liberalitas,
999 564 1157 626 nunquam
1180 543 1252 605 satis

164 684 253 750 nobis
271 684 491 770 praedicanda,
521 695 667 766 perpetua
694 687 860 767 scripturae
881 679 1094 762 discrepantia.
1134 675 1195 736 Sed
1218 675 1251 735 bi

159 819 238 881 libri
259 836 380 892 omnes,
416 824 566 898 quotquot
587 824 672 895 sunt,
707 813 746 874 ad
767 834 870 876 unum.
884 810 1025 892 idemque
1044 827 1138 890 genus
1156 809 1254 888 perti-

165 958 252 1029 nent,
265 970 301 1010 ex
323 969 385 1032 quo
405 946 527 1030 vulgata
548 941 635 1006 fluxit
658 943 812 1005 recensio:
837 943 972 1003 bonitate
990 938 1113 1023 quidem
1128 937 1254 1022 paulum

153 1082 247 1144 ,inter
279 1102 312 1144 se
337 1079 468 1156 distant,
502 1098 598 1160 quum
626 1075 677 1138 alii
705 1075 785 1138 bane
805 1076 986 1137 deteriorem
1007 1074 1137 1134 formam
1155 1070 1256 1132 minus

167 1218 343 1293 corruptum
373 1221 616 1292 repraesentent,
635 1207 701 1303 ,alii
722 1216 841 1289 praeter
864 1206 1037 1267 communia
1059 1207 1133 1268 vitia
1153 1202 1258 1266 multis

168 1343 313 1415 etsoedis
332 1340 451 1405 mendis
473 1352 620 1421 scateant,
646 1362 801 1426 quumque
831 1338 882 1400 alii
908 1341 1076 1402 orationem
1107 1344 1258 1424 integram

169 1474 355 1550 contineant,
390 1470 443 1534 alii
476 1471 615 1554 pluribus
647 1473 721 1534 locis
755 1475 844 1536 unius
876 1474 1044 1536 duarumve
1075 1474 1257 1557 paginarum

168 1605 285 1666 iactura
315 1603 409 1666 hiulci
452 1606 524 1667 sint.
568 1605 632 1666 Nos
655 1604 779 1688 quidem
802 1608 833 1665 in
855 1605 963 1667 ordine
985 1605 1124 1668 codicum
1144 1605 1259 1667 consti-

167 1735 283 1797 tuendo
314 1746 463 1820 quantum
497 1737 561 1798 lieri
595 1706 705 1819 potuit,
737 1758 861 1819 operam
885 1737 1046 1815 dedimus,
1068 1748 1104 1798 ut
1125 1735 1260 1797 eiusdem

167 1863 299 1925 familiae
337 1865 471 1948 exempla
491 1869 654 1928 coniuncta
674 1877 859 1948 appareant:
893 1866 975 1948 quod
995 1869 1027 1926 in
1048 1867 1112 1948 ipso
1132 1885 1259 1926 recensu

155 1987 270 2059 ¹statim
291 1965 501 2056 iudicabimus.
522 1995 620 2085 ¹Sunt
641 1997 732 2080 igitur
761 1997 862 2082 scripti
882 1996 972 2077 libri,
1005 2017 1137 2081 quorum
1158 1999 1260 2061 varie-

167 2138 262 2192 tatem
281 2126 442 2206 dedimus,
465 2126 511 2189 hi.

339 2420 370 2494 1.
420 2414 618 2496 Codices
654 2406 1084 2524 praestantissimi.

252 2635 294 2702 A.
335 2637 438 2705 Codex
464 2637 538 2700 olim
567 2636 753 2725 salisburgi,
786 2661 868 2702 nune
899 2641 932 2701 in
954 2639 1138 2702 bibliotheca
1168 2641 1262 2725 Regia

169 2758 344 2834 Monacensi
363 2770 423 2832 sub
442 2791 496 2833 no.
519 2768 569 2838 35.
582 2783 597 2814 ²
618 2782 773 2851 servatus,
806 2769 908 2833 seculo
930 2771 993 2833 fere
1018 2770 1136 2833 decimo
1156 2774 1264 2855 quinto

130 2972 136 2978 ,
170 2900 391 2985 elegantissima
422 2926 517 2967 manu
548 2907 581 2967 iu
601 2906 785 2967 membranis
816 2906 930 2967 formae
959 2909 1107 2968 maximae
1129 2907 1262 2967 conseri·

119 3101 123 3104 ,
170 3043 265 3116 ptus:
287 3033 467 3098 Cluentiana
486 3040 585 3099 oratio
608 3039 687 3100 inter
704 3040 828 3122 triginta
849 3039 925 3100 duas
952 3036 1055 3099 locum
1071 3039 1263 3100 -vicesimum

171 3163 303 3229 alterum
324 3177 425 3229 tenet:
456 3154 509 3230 sed
529 3189 564 3232 ex
583 3169 708 3253 reliquis
729 3171 891 3246 omnibus,
923 3182 1075 3255 quantum
1094 3171 1193 3235 obiter
1210 3194 1262 3237 eos

172 3297 379 3381 percurrendo
398 3297 549 3379 intellexi,
586 3303 636 3363 vix
659 3300 721 3363 nlla
749 3303 897 3385 insignem
917 3304 1093 3367 varietatem
1126 3305 1263 3389 praebet.

173 3427 222 3489 Cl.
255 3427 454 3505 Wunderus,
484 3429 538 3512 qui
568 3429 698 3491 eundem
728 3429 841 3493 librum
872 3454 970 3516 nuper
999 3433 1039 3495 ad
1068 3434 1266 3497 Plancianum

173 3557 305 3622 contulit
324 3559 445 3646 (Mb),
465 3582 578 3645 paucas
597 3563 631 3623 in
650 3583 687 3624 eo
702 3562 834 3636 melioris
849 3577 940 3627 notae
954 3568 1118 3649 scripturas
1140 3568 1266 3634 invenit.

255 3692 299 3753 Β.
343 3693 445 3754 Codex
467 3692 714 3755 membranaceus
735 3694 833 3757 forma
857 3695 887 3776 4.
911 3699 998 3777 mai,
1028 3698 1061 3759 in
1082 3697 1266 3762 bibliotheca

174 3821 381 3887 Laurentiano
402 3846 435 3886 n.
461 3845 509 3885 12.
534 3823 630 3907 plutei
651 3822 818 3906 xtv111.,
845 3828 972 3911 Lagom.
996 3851 1099 3892 nera.
1142 3831 1268 3894 Praeter

75 3982 79 3991 ¹
176 3964 313 4020 bosnam
332 3956 463 4021 sedecim
487 3955 647 4025 Ciceronis¹
664 3958 815 4022 orationes
832 3961 984 4041 continet,
1005 3961 1268 4029 sed'·nullabrce-
