2736 4696
581 267 780 357 xcurrina.
1170 271 1236 345 165

145 440 355 529 Oppianicum
386 469 456 511 mox
488 450 520 510 in
558 449 627 512 foro
648 451 838 512 Larinatium
869 446 1040 512 versantem
1067 447 1238 530 videamus,

139 555 296 637 profectio
317 559 383 618 eius
402 569 483 619 certe
505 558 668 619 indicanda
688 571 764 639 erat.

91 711 95 721 .
183 727 193 747 x
227 660 291 745 28,
314 685 346 747 9.
370 679 432 726 tum
454 665 627 750 suffragiis]
669 657 870 728 Discessimus
889 666 922 726 h.
949 665 972 726 l.
994 669 1026 726 in
1047 663 1161 726 leviore
1184 686 1240 728 va·¹

143 773 256 834 rietute
276 773 316 834 ab
336 774 456 856 optimis
475 775 565 834 codd.
590 776 642 857 qui
664 797 731 836 cam
760 774 846 858 suffia
873 774 1026 850 exhibent,
1048 774 1133 854 quod
1163 773 1239 838 olim

140 881 295 942 Gruterus
318 880 480 964 probavitx
501 882 553 943 sed
562 883 742 964 praepositio
754 884 803 942 vix
820 893 899 942 stare
919 892 1018 963 potest
1032 903 1040 956 3
1066 902 1145 941 nova
1160 892 1238 942 tem-

142 989 225 1070 poris
252 987 389 1057 definitio
425 990 516 1049 etiam
546 989 685 1070 postilla
717 992 751 1053 in
787 988 946 1049 discordiis
974 990 1125 1061 civitatis,
1159 1011 1238 1070 quae

144 1098 246 1156 maius
270 1097 415 1178 temporis
437 1098 568 1178 spatium
590 1094 854 1178 complectuntur,
879 1096 918 1156 ad
940 1095 1116 1177 explendam
1141 1117 1237 1176 oppo-

141 1200 303 1280 sirionem,
326 1223 422 1283 quum
442 1203 658 1284 praecesserint
677 1201 771 1262 haec:
797 1203 841 1262 ad
862 1223 953 1287 priam
970 1223 1061 1285 saepe
1080 1206 1238 1286 peraratas

142 1320 226 1386 erat,
252 1311 423 1369 necessaria
444 1309 579 1370 videtum

228 1435 278 1474 ru·
301 1434 339 1475 ac
359 1428 421 1475 tam
436 1415 470 1474 in
489 1414 657 1498 Oppianici
678 1412 783 1497 amaa]
807 1426 870 1472 tam
896 1417 1015 1495 saepius
1031 1416 1064 1475 in
1076 1399 1133 1476 hac
1146 1419 1248 1478 orati-»¹

146 1543 205 1583 one
223 1523 268 1581 sic
292 1519 375 1580 nude
395 1522 528 1603 positum
550 1522 588 1582 ad
611 1524 774 1583 lunianum
798 1522 954 1598 iudicium,
977 1544 1039 1603 quo
1051 1524 1239 1607 Oppianicus
1315 1586 1319 1595 ,

142 1632 362 1694 condemnatus
382 1640 458 1704 erat,
477 1641 507 1690 et
527 1634 614 1692 cuius
634 1632 750 1692 invidia
773 1633 902 1690 maxime
923 1629 1097 1690 Cluentium
1120 1646 1240 1711 preme-

146 1738 219 1818 bat,
245 1736 440 1798 referendum
470 1749 536 1816 est,
572 1740 637 1799 vid.
662 1760 690 1799 c.
715 1761 762 1812 ια,
789 1738 848 1817 bd:
871 1760 947 1823 quae
972 1752 1032 1797 tam
1057 1758 1101 1797 aa:
1131 1739 1241 1798 tabulis

146 1843 314 1930 Oppianici
342 1846 553 1907 recitabantan
573 1867 603 1907 c.
632 1846 694 1926 14,
718 1845 783 1926 4⁰³
823 1846 859 1907 id
881 1846 964 1930 qzaad
994 1847 1088 1929 ipsias
1130 1847 1239 1905 tabulis
1328 1920 1331 1929 Ι

143 1964 203 2012 mm
228 1969 272 2015 est
289 1955 536 2015 demomtratum.

230 2059 281 2140 14.
304 2063 464 2144 alligamm
491 2061 661 2146 Oppianici
686 2080 794 2122 namen
816 2059 968 2146 primam]
1011 2062 1058 2122 De
1079 2060 1138 2121 hoc
1159 2060 1236 2139 loco,

144 2189 202 2251 quo
230 2168 326 2250 vulgo
361 2168 520 2252 legebatur
554 2179 608 2228 aut
633 2171 711 2229 inter
741 2170 887 2250 allegatos
915 2173 969 2228 aut
1001 2169 1081 2228 inter
1101 2170 1240 2250 alligatos

93 2279 96 2284 ’
148 2275 229 2360 Opp.
251 2287 315 2336 tres
345 2287 416 2336 sunt
431 2276 612 2358 praecipuae
630 2263 830 2357 interpretum
861 2275 1045 2336 sententiae:
1073 2296 1134 2336 una
1158 2277 1239 2338 Tur-¹

141 2383 210 2444 nebi
232 2366 365 2442 Advers.
388 2383 437 2456 V,
461 2384 513 2443 23.
537 2384 590 2464 qui
612 2382 741 2442 sormam
762 2384 902 2462 alligatos
923 2383 1144 2442 restituendam
1162 2405 1235 2444 ceu-

141 2493 220 2567 ruit,
261 2500 297 2549 ut
324 2489 505 2569 significaret
537 2489 642 2572 cralpae
662 2486 789 2568 affinis,
824 2493 904 2548 inter
937 2511 1014 2569 quos
1047 2490 1236 2570 Oppianicus

141 2597 246 2661 Avillii
266 2596 379 2656 iudicio
398 2595 514 2678 primus
539 2607 615 2656 esset
635 2595 759 2655 relatus.
792 2597 883 2655 Hunc
902 2596 1068 2654 Lambinus
1091 2609 1236 2678 sequutus

141 2717 206 2784 est,
228 2706 263 2765 in
284 2705 369 2763 cuius
390 2703 521 2763 editione
545 2705 610 2783 ipso
630 2704 726 2762 invito
756 2703 850 2762 rerba
884 2704 962 2761 inter
985 2704 1128 2782 allrgalos
1156 2709 1235 2765 exci-

141 2812 263 2873 derunt.
308 2808 415 2869 Altera
446 2810 523 2867 ratio
552 2819 597 2868 est
619 2809 644 2866 l.
669 2809 722 2874 Fr.
742 2809 891 2868 Gronovii
920 2808 959 2866 ad
987 2809 1056 2869 Liv.
1079 2811 1233 2892 XXXVI,
1314 2791 1316 2795 Ι

143 2939 203 2993 ιι.,
236 2938 330 2999 quam
362 2917 512 2975 Gruterus
533 2925 563 2975 et
595 2914 754 2974 Ernestius
785 2914 914 2997 amplexi
943 2925 1035 2975 stunt:
1068 2916 1121 2978 ille
1151 2926 1235 2986 enim
1280 2937 1286 2953 '

137 3025 231 3088 verba
252 3025 332 3084 inter
352 3024 504 3103 allegatos,
519 3043 600 3105 quae
622 3033 735 3095 tuetur,
759 3042 830 3081 cum
854 3023 949 3082 verbo
970 3027 1122 3086 constabat
1144 3051 1241 3092 sensu·

136 3143 218 3194 arcte
239 3132 404 3204 coniunxit,
417 3139 448 3188 et
468 3131 611 3208 allegatas
632 3149 687 3208 pro
710 3129 746 3187 iis
767 3131 894 3209 accepit,
913 3136 966 3212 qui
987 3138 1151 3199 testimonii
1178 3117 1235 3199 co-⁸

136 3238 301 3323 gnosceudi
325 3257 417 3296 causa
438 3257 457 3295 a
477 3235 629 3295 iudicibus
651 3235 690 3295 ad
710 3235 858 3296 Avillium
880 3241 961 3299 missi
985 3253 1095 3302 essent.
1126 3247 1231 3308 Tertia

137 3346 271 3427 denique
291 3343 331 3402 ab
353 3341 473 3402 Orellio
495 3340 638 3419 affertur,
668 3342 721 3422 qui
743 3342 836 3402 verba
859 3344 938 3404 inter
958 3349 1102 3429 allegatos
1125 3374 1232 3416 rursus

138 3451 179 3513 ad
209 3449 294 3511 illud·
313 3449 451 3533 primum
484 3447 649 3532 Oppianici
669 3469 775 3507 rwmen
796 3448 911 3528 trahit,
933 3453 986 3512 sed
1006 3457 1154 3539 allegatos
1179 3477 1231 3524 eos

134 3580 199 3621 csse
231 3558 419 3638 suspicatur,
456 3556 509 3636 qui
545 3554 585 3614 ad
621 3552 771 3615 Avillium
799 3554 838 3615 de
859 3559 1030 3622 occidendo
1051 3565 1169 3630 Asutio
1191 3572 1231 3631 ab

134 3666 307 3749 Oppianico
328 3663 467 3723 adornati
487 3665 558 3722 sinti
608 3661 668 3722 Sed
690 3660 749 3721 hoc
769 3664 883 3722 nemini
914 3665 1001 3729 facilc
1022 3677 1230 3758 persuadebit,

134 3793 232 3858 quum
254 3771 443 3854 Oppianicus
464 3769 546 3830 solus
566 3772 660 3830 totius
688 3771 804 3832 consilii
823 3784 932 3836 ‘auctor
959 3778 1062 3841 fuerit.
1107 3787 1230 3864 Grono-

136 3888 180 3947 vii
209 3883 289 3943 ratio
321 3901 385 3940 non
417 3880 511 3961 magis
534 3871 658 3961 placet,
693 3882 765 3961 quia
786 3880 828 3940 sic
852 3880 1018 3966 Oppianici
1040 3904 1147 3953 twmen
1160 3897 1231 3976 pris

135 4011 217 4053 mam
237 4011 298 4049 esse
318 3987 407 4048 valde
427 3987 556 4049 obscure
576 3987 691 4048 dictum
711 3987 802 4048 foret.
846 3988 882 4048 ln
906 3992 1003 4068 prima
1024 4009 1125 4057 autem
1158 4017 1228 4064 sen.

134 4096 229 4159 tentia
251 4074 313 4159 non
334 4095 441 4157 dubito
465 4093 503 4156 de
524 4095 769 4178 interpretatione
792 4096 876 4157 verbi
897 4100 1036 4180 alligare,
1060 4118 1229 4186 quaenunt
