2736 4696
623 243 803 314 caruca.
1176 251 1246 350 ¹69

113 485 119 491 .
156 430 254 494 verba
274 443 346 513 ¹tota
380 435 563 495 arcuatione
582 453 652 495 cum
674 429 924 516 praecedentibus
944 430 1107 491 coniuncta
1126 427 1165 490 ad
1187 450 1246 511 op-

156 541 354 623 positionem,
375 563 452 624 quae
472 541 503 605 h.
523 542 545 610 l,
566 542 744 616 instituitur,
768 537 946 623 explendam
965 540 1160 621 pertinerent.
1185 536 1245 599 Sed

158 652 310 730 oppositio
341 653 463 712 nonnisi
490 653 571 712 inter
590 650 665 712 haec
684 649 868 711 intercedere
891 658 1008 730 potest:
1029 647 1122 706 verba
1142 667 1177 706 ex
1198 643 1245 706 al·-

156 764 224 816 tera
254 768 363 839 parte,
397 778 431 817 ex
452 756 546 822 altera
581 778 614 817 re
645 777 719 817 vera
739 769 770 816 et
784 754 938 839 periculos
961 750 1039 812 illud
1067 771 1143 812 vero
1180 762 1244 813 totu

156 868 343 928 amanum
360 888 431 928 eum
451 877 581 949 utroque
601 865 739 927 membro
758 861 1004 946 coniungendum
1023 868 1085 939 est.¹

239 992 300 1114 39,
327 1051 375 1115 17·
398 1032 495 1116 utz'qne
516 1032 546 1090 ei
564 1027 658 1112 locus]
700 1027 748 1090 Ne
766 1026 886 1088 dubites
905 1027 938 1086 in
959 1024 1017 1086 hac
1043 1022 1175 1087 dictione
1202 1021 1242 1084 de

153 1137 259 1210 dativo
288 1139 329 1214 ei,
360 1159 456 1220 quum
485 1124 575 1206 multi
605 1134 694 1199 codd.
725 1135 892 1196 secundum
923 1154 1026 1195 casum
1044 1131 1239 1210 substituant,

154 1247 210 1319 cfr.
242 1268 270 1308 c.
298 1267 350 1307 αα.
373 1245 425 1330 59,
446 1246 501 1309 ubi
531 1245 636 1314 eadem
665 1244 760 1308 verba
787 1241 950 1329 leguntur:
973 1242 1053 1302 locus
1075 1240 1240 1327 ciprianus
1355 1309 1358 1315 ,

154 1366 197 1423 cst
216 1356 395 1417 comitum.

235 1506 297 1590 4ο,
321 1510 353 1588 3,
382 1509 453 1571 Iam
481 1512 536 1571 hoc
551 1531 648 1595 prope
666 1504 752 1591 cett]
795 1506 898 1591 Vulgo
916 1527 1029 1594 quoqne
1048 1505 1239 1569 inserebatur

152 1634 221 1677 eum
242 1615 393 1678 levissima
414 1620 592 1679 auctoritate
611 1627 642 1678 et
662 1618 728 1677 aine
748 1614 908 1677 commodo
928 1636 1039 1679 sensu:
1068 1635 1140 1675 nam
1159 1614 1239 1678 nihil

151 1725 224 1787 novi
243 1723 279 1785 h.
300 1723 324 1785 l.
346 1724 495 1787 affertur:
524 1726 577 1786 sed
610 1725 691 1786 facta
728 1715 881 1785 mentione
901 1721 1117 1804 Cepasiorum,
1139 1723 1237 1785 simu-

151 1830 211 1893 lata
243 1829 368 1914 querela
394 1831 577 1914 lepidissime
603 1843 633 1893 et
666 1831 857 1893 acerbissime
884 1829 1058 1907 subiicitur,
1092 1829 1175 1911 quod
1203 1830 1237 1891 in

149 1939 276 1999 summis
296 1936 522 2000 difficultatibus
537 1959 600 1999 non
620 1940 728 2022 optimi
748 1940 871 2020 patruni
890 1937 1101 2003 adhibeantur.
1143 1939 1235 2000 Hanc

149 2041 209 2106 loci
236 2047 334 2104 nostri
367 2046 515 2105 rationem
541 2046 640 2105 omnis
668 2066 719 2106 eos
744 2047 854 2126 fugisse
872 2055 1001 2126 oportet,
1022 2048 1076 2128 qui
1094 2047 1127 2107 in
1150 2068 1237 2130 seqq·

148 2152 407 2233 additamentum,
438 2152 522 2235 qnod
552 2155 585 2214 in
616 2155 742 2214 vetustis
770 2152 953 2214 editionibus
975 2165 1131 2236 receptum
1151 2166 1236 2220 erate

147 2264 206 2323 arsi
223 2263 315 2344 forte
334 2295 374 2309 -
392 2274 547 2345 proestare
569 2261 706 2341 debent,
742 2271 887 2344 tanquam
914 2263 1052 2344 spurium
1084 2264 1236 2344 aspernati

145 2380 228 2436 eunt.
280 2368 360 2430 Nam
391 2367 466 2429 haec
487 2368 620 2431 clausula
636 2380 705 2433 ‚mm
724 2370 892 2431 necessaria
912 2381 957 2432 est
977 2370 1017 2430 ad
1046 2370 1235 2452 praeclaram

143 2473 234 2537 huius
262 2475 321 2537 loci
341 2477 546 2539 urbanitatem
564 2479 808 2562 percipiendam,
842 2489 896 2553 ut,
919 2490 1033 2540 resecta
1053 2500 1107 2555 ea,
1142 2501 1234 2542 nemo

143 2585 263 2645 mdone
297 2605 336 2644 an
368 2588 437 2647 ioco
464 2587 545 2656 baec
561 2589 667 2649 Cicero
687 2588 820 2668 dixerit,
841 2588 936 2671 possit
954 2589 1135 2655 discernere.
1176 2591 1233 2651 Ri-

142 2689 242 2752 dicule
268 2692 412 2774 profecto
442 2695 590 2756 Graevius
611 2696 786 2757 Manutium
807 2694 1002 2778 reprehendit
1020 2699 1151 2757 ironiam
1169 2696 1232 2766 fiu-
1327 2758 1329 2763 ,

139 2814 258 2881 gentem
277 2800 408 2862 scilicetz
432 2803 519 2884 quasi
540 2824 630 2864 sanus
643 2804 813 2886 'quisquam
827 2803 859 2866 h.
874 2803 897 2864 l.
911 2801 949 2862 de
968 2802 1068 2864 bunia
1090 2802 1231 2865 dubitare

138 2911 254 2991 possit,
286 2912 374 2992 quasi
404 2932 510 2980 revera
529 2910 589 2973 hoc
607 2912 797 2994 iniquissime
818 2923 1028 2994 comparatum
1052 2913 1109 2986 sit,
1146 2909 1231 2998 quod

136 3013 227 3096 probi
257 3023 289 3074 et
319 3014 440 3076 honesti
471 3019 590 3099 patroni
611 3017 726 3079 famam
747 3018 926 3101 integritatis
954 3005 1027 3079 suae
1049 3023 1083 3078 in
1103 3016 1230 3080 nefariis

136 3122 234 3183 musis
256 3121 453 3184 defendendis
476 3125 640 3206 periclitari
667 3137 817 3187 recusent.
862 3127 1017 3209 Lagantur
1036 3124 1231 3206 modo,quae

135 3227 245 3289 Cicero
263 3229 344 3290 infra
365 3251 391 3296 c.
413 3233 462 3313 39.
485 3252 533 3293 ex.
546 3235 625 3294 serio
646 3232 738 3295 dicit:
761 3234 846 3294 Erat
863 3235 979 3324 Romqe
1002 3253 1118 3294 summa
1137 3235 1230 3315 eopia
1290 3212 1293 3217 Ι

129 3350 348 3420 pntmnomm,
377 3358 502 3423 quaerum
533 3353 610 3400 certe
635 3341 745 3427 uliqrds
771 3341 953 3417 detenditur
969 3341 1097 3425 equitem
1118 3340 1229 3400 Roma*

132 3463 223 3519 num,
252 3446 289 3504 in
317 3448 478 3529 municipio
504 3468 556 3507 uto
579 3448 727 3523 nobilem,
751 3450 780 3508 si
797 3451 913 3508 honeste
930 3461 1063 3532 putasset
1084 3447 1228 3508 eiusmodi

132 3570 260 3612 causam
275 3570 363 3633 posse
381 3551 512 3631 descendi.
553 3551 614 3614 Sed
638 3552 672 3612 h.
706 3551 727 3619 l.
748 3552 886 3614 consulto
911 3575 984 3617 vara
1004 3555 1095 3635 ratio,
1117 3575 1229 3636 qnam·

132 3658 240 3720 obrem
261 3679 370 3719 causae
391 3659 548 3740 improbae
567 3659 607 3720 ab
627 3661 762 3722 honestis
782 3662 918 3743 patronis
935 3661 1154 3741 destituantur,
1172 3662 1228 3728 ad·

131 3762 274 3825 simulata
296 3764 428 3846 quadam
448 3765 638 3827 dubitatione
649 3768 776 3849 tegitur,
786 3764 934 3850 tanquam
954 3789 1035 3847 reus,
1058 3767 1226 3833 dummodo

131 3868 205 3931 velit
224 3880 256 3930 et
279 3890 402 3952 operam
420 3873 602 3954 impendat,
626 3884 662 3934 ut
685 3875 718 3933 in
738 3873 855 3935 morbis
882 3875 1099 3956 peritissimum
1128 3876 1225 3945 medi·

132 3999 220 4055 cum,
251 3980 295 4040 sic
316 3982 348 4040 in
370 3980 554 4042 iudiciorum
577 3982 723 4064 periculis
744 3984 893 4065 optimum
913 3992 1066 4067 quemque
1086 3984 1225 4047 defenso-

132 4107 196 4158 rum
225 4087 284 4157 sibi
317 4109 493 4172 comparare
520 4093 623 4176 possit.
674 4093 734 4157 sed
764 4095 796 4157 in
827 4096 885 4158 ista
908 4093 1096 4161 dubitatione
1126 4095 1224 4160 oratio
1302 4077 1305 4084 Ι
