2736 4696
527 221 533 232 ’
599 210 781 296 camma.
1154 241 1224 314 203
1336 260 1339 264 -

156 434 159 441 ·
233 416 301 491 115,
336 415 486 499 villicum]
529 417 723 501 Quamquam
750 436 800 476 me
831 435 894 476 non
926 415 1015 478 latuit
1040 413 1132 499 paulo
1155 423 1226 496 post

138 524 275 608 plurium
292 524 425 594 Cluentii
448 523 617 585 villicorum
638 524 823 586 mentionem
842 523 931 602 fieri,
951 535 1053 586 tamen
1074 522 1107 584 h.
1122 520 1142 583 Ι.
1163 522 1229 583 sine

143 633 231 694 libris
253 636 332 710 (nam
343 631 439 715 Sylvii
454 632 563 709 codici,
585 635 610 694 si
631 643 688 694 cst·
698 632 774 693 liber
794 633 1048 716 manuscriptus,
1069 651 1133 692 non
1150 626 1232 690 mul·
1320 632 1322 636 ’

147 750 216 798 tum
237 738 380 816 tribuam)
401 736 477 799 nihil
498 737 677 798 mutandum
696 737 868 812 videbatur,
892 737 974 820 quod
996 737 1068 799 iude
1087 759 1105 798 a
1124 737 1233 797 Manu·

140 847 196 920 tio,
219 846 363 926 rescripto
375 838 487 924 plurali
506 861 634 902 numero
653 842 783 920 villicos,
807 842 839 902 in
861 841 1015 926 plerisque
1029 839 1100 901 edd.
1117 840 1233 902 iactum

145 962 225 1012 erat.
269 949 373 1011 Facile
392 949 456 1009 fieri
476 950 593 1030 potuit,
614 959 649 1009 ut
668 950 747 1010 inter
766 948 889 1032 plures,
912 950 964 1033 qui
987 949 1071 1028 rixae
1087 946 1232 1008 interlue-

146 1069 239 1139 raut,
261 1078 340 1120 unus
361 1065 561 1116 accusaretur.

230 1187 298 1262 116,
325 1186 371 1266 14.
395 1186 477 1248 nobr's
502 1186 608 1247 ii'sdem
618 1187 756 1265 summm
771 1183 928 1271 patronis]
977 1185 1105 1248 Accium
1128 1184 1232 1269 appel·

138 1296 183 1358 lat
195 1308 226 1356 et
238 1297 334 1357 socios
353 1296 430 1370 eius,
450 1314 526 1374 quos
546 1293 667 1354 eosdem
679 1314 748 1353 mox
763 1304 836 1353 rtem
850 1292 1015 1376 alloquitur
1028 1293 1230 1373 (subornatum

140 1405 269 1464 omnino
291 1401 372 1462 enim
392 1401 487 1463 Ennii
516 1402 649 1483 patroni,
682 1422 744 1462 nou
768 1401 899 1463 Cluentii
930 1401 1106 1462 nominandi
1124 1413 1230 1464 erant=

141 1533 214 1572 nam
239 1508 391 1594 quomodo
421 1508 490 1591 quis
514 1510 679 1571 adversarii
700 1511 835 1592 patronis
865 1511 987 1571 crimuni
1006 1507 1137 1590 effugere
1170 1510 1232 1572 diei

138 1606 262 1701 potest?
283 1616 370 1699 quod
392 1617 423 1676 in
438 1615 560 1700 vulgata
575 1617 741 1698 scriptura:
766 1617 850 1679 nobis
863 1617 969 1678 ir'rdem
977 1616 1116 1700 patronis
1129 1628 1231 1700 aperte

141 1726 264 1790 inesset.
308 1722 453 1798 Accedit,
489 1724 571 1805 quod
599 1722 729 1785 Accium
750 1723 865 1816 ¹acerbe
892 1731 1030 1806 pungat,
1049 1735 1131 1782 'eum
1157 1721 1232 1785 suris
1347 1784 1349 1790 .

136 1835 283 1913 cuiusque
306 1850 427 1890 causam
447 1841 660 1913 suscepturum
684 1851 747 1890 esse
775 1829 888 1892 dicens.

225 1981 271 2044 ¹7·
294 1957 487 2042 Ambivium]
529 1959 567 2022 ln
588 1981 622 2020 re
642 1980 767 2041 prorsus
780 1961 895 2020 incerta
913 1958 1066 2042 egregium
1087 1958 1226 2023 codicem

137 2081 285 2153 sequutus
305 2089 394 2148 sum,
421 2069 455 2128 in
473 2088 535 2151 quo
553 2066 630 2129 illud
650 2068 728 2128 bene
747 2089 779 2130 se
799 2067 913 2144 habet,
943 2067 1026 2150 quod
1046 2088 1230 2150 praenomen

139 2195 205 2235 non
227 2172 369 2251 additur,
403 2182 439 2233 ut
471 2175 503 2233 in
535 2173 659 2234 homine
691 2175 796 2256 ignoto
829 2185 859 2235 et
888 2171 1037 2235 obscuro:
1074 2174 1118 2235 sic
1137 2176 1231 2239 modo

139 2279 327 2357 Ancharius,
360 2280 516 2359 Pacenus,
541 2281 649 2358 Ceius,
679 2279 808 2356 Florus,
833 2281 952 2342 Ennius
981 2265 1064 2341 nude
1082 2282 1230 2344 nominati

138 2399 236 2452 erant.
257 2419 298 2435 -
318 2386 437 2448 Eodem
463 2389 531 2449 loco
560 2392 767 2452 accusativum
787 2391 961 2473 hospitem,
985 2389 1165 2471 iampridem
1193 2412 1230 2452 cx

135 2497 205 2562 cod.
225 2496 257 2561 S.
278 2496 411 2556 Victoris
431 2507 613 2579 enotatum,
647 2498 687 2558 ab
711 2499 834 2580 optimis
856 2500 966 2558 uostris
995 2498 1147 2557 firmatum
1166 2517 1229 2560 esse

135 2604 309 2665 laetamur:
340 2625 414 2664 nam
441 2604 584 2687 vulgatus
614 2604 665 2667 ille
691 2608 841 2690 genitivus
869 2606 1028 2666 maltorum
1058 2605 1228 2687 hospitum,

134 2714 188 2797 qui
220 2711 349 2793 lepidior
373 2713 504 2774 Graevio
524 2713 702 2794 videbatur,
723 2715 811 2776 nobis
830 2713 955 2797 quidem
975 2734 1010 2774 ex
1032 2711 1228 2794 grammatica

134 2821 255 2882 ratione
277 2838 338 2880 non
360 2816 449 2880 facile
467 2819 589 2908 defendi
609 2797 696 2904 posse
715 2821 848 2886 videtur.

228 2969 297 3032 117,
332 2949 382 3012 16.
412 2951 534 3013 Vibium
562 2950 790 3038 Cappadocem]
842 2951 931 3013 Hanc
957 2950 1228 3034 praestantissimo-

138 3073 210 3115 rum
234 3056 308 3116 Mss.
341 3059 521 3140 scripturam
549 3079 586 3118 eo
617 3061 718 3119 minus
739 3056 901 3141 repudiare
920 3058 1021 3119 visum
1051 3067 1113 3136 est,
1143 3057 1227 3139 quod

133 3173 237 3244 aperte
256 3167 431 3248 peregrinus
451 3178 516 3229 crat
536 3166 646 3230 Vibius
666 3168 746 3249 iste,
768 3168 821 3251 qui
842 3166 956 3230 Romae
976 3164 1058 3252 apud
1076 3165 1227 3248 hospitem

133 3268 304 3333 habitabat.

125 3426 127 3431 ’
218 3423 269 3466 aa.
291 3403 348 3490 [At
375 3409 457 3470 heres
485 3420 528 3470 ert
558 3405 723 3492 Cirrentim]
779 3407 815 3468 ln
835 3407 884 3469 his
914 3405 1016 3471 verbis
1043 3424 1105 3467 non
1126 3402 1226 3467 solum

106 3582 109 3587 ⁴
131 3529 244 3592 magna
263 3523 308 3573 est
329 3510 479 3574 librorum
498 3511 699 3596 discrepantia
722 3513 804 3592 (nam
827 3525 878 3591 at,
908 3511 992 3596 quod
1008 3530 1090 3591 nunc
1110 3509 1225 3592 ubique

132 3616 255 3700 legitur,
275 3622 465 3681 coniecturae
485 3619 642 3699 debetur);
670 3618 723 3681 sed
742 3619 824 3680 bona
843 3641 914 3703 pars
934 3621 1120 3702 optimorum
1139 3616 1225 3678 codi-

131 3745 206 3786 cum
225 3726 348 3787 omninc
371 3747 405 3787 ea
427 3749 491 3789 non
511 3728 664 3809 agnoscit:
690 3736 721 3788 et
740 3727 806 3787 iure
824 3727 959 3809 quidem,
981 3729 1108 3810 opinare
1129 3744 1225 3808 quae-

133 3851 206 3909 nam
237 3832 317 3891 cnim
347 3831 422 3892 haec
455 3843 500 3893 cst
526 3831 656 3895 absurda
686 3831 874 3906 criminatio,
909 3852 987 3914 quae
1013 3830 1130 3894 nullam
1159 3829 1223 3891 veri

134 3937 263 4019 speciem
285 3937 403 3999 habeti
436 3938 602 4016 Quomodo
621 3940 646 3999 si
667 3937 706 3998 ad
727 3936 821 3998 alium
845 3942 935 4002 cessit
957 3940 1117 4016 hereditas,
1141 3936 1224 4021 quod

130 4045 227 4109 -facile
263 4056 344 4108 certe
359 4049 560 4130 'argumentis
580 4045 938 4132 demonstrmiaepomrat,
967 4059 1121 4139 accusator
1157 4057 1222 4110 tam
